3630 5842
676 871 850 937 ..25-

314 1043 499 1138 Vergilius
515 1049 634 1114 antem
650 1041 716 1115 hoc
732 1043 977 1114 tantummodo
993 1043 1153 1116 creavit:

313 1177 652 1258 *Consnnafflinnas
687 1175 733 1246 A.
773 1175 822 1260 ΙΙ,
852 1174 914 1246 86.
949 1174 1089 1246 Praeter
1122 1176 1267 1246 nomina

264 1311 490 1382 substantiva
515 1311 631 1380 in-tas
668 1309 839 1382 exeuntia
865 1331 945 1401 quae
975 1310 1141 1403 usurpari
1168 1307 1268 1380 sole-

264 1445 364 1526 bant,
391 1443 531 1514 nullum
556 1441 655 1513 aliud
685 1442 833 1513 afferam
869 1450 996 1514 notatu
1026 1442 1176 1535 dignum
1195 1442 1265 1512 nisi

263 1577 331 1648 hnc
344 1577 438 1670 qnod
448 1599 634 1648 commune
646 1577 758 1648 habet
774 1599 854 1646 curn
870 1575 1058 1646 Lucretio:
1080 1577 1265 1653 mobilitas,

263 1712 308 1781 A.
325 1710 390 1794 IV,
415 1708 496 1778 175.

314 1842 410 1915 Satis
426 1851 494 1926 est,
514 1850 552 1914 ut
567 1842 654 1914 mihi
668 1842 825 1926 videtur,
839 1842 934 1935 quod
945 1841 992 1912 ad
1011 1841 1075 1913 iila
1087 1840 1266 1914 voeabula

264 1977 407 2060 attinet,
420 1977 594 2049 Nostrum
610 1999 691 2046 oum
708 1975 880 2048 Lucretio
892 1983 929 2048 et
948 1974 1112 2068 Vergilio
1126 1999 1267 2070 compa·

263 2130 379 2182 nasse.

312 2784 433 2856 Unum
447 2808 579 2857 nomen
598 2787 740 2858 in-tara
760 2787 884 2858 exiens
909 2788 953 2858 ab
970 2786 1098 2858 Ovidio
1118 2786 1156 2856 in
1181 2785 1267 2856 Me-

260 2918 539 3012 tamorphoseon
554 2919 658 2990 libris
673 2920 860 2991 inventum
876 2929 954 2993 est:

303 3133 509 3192 Gnavnnnan.
529 3134 715 3192 Curvatura
729 3138 816 3206 rotae,
829 3135 988 3195 radiorum
997 3140 1167 3211 argenteus
1178 3137 1264 3197 ordo.

422 3249 462 3318 ΙΙ,
482 3247 548 3307 108.

311 3417 405 3488 Illud
416 3441 547 3489 nemen
562 3428 762 3491 memoratu
776 3421 927 3511 dignum
944 3424 1171 3516 est,pnimum
1183 3426 1268 3517 quia

261 3551 487 3622 nominahoe
507 3552 611 3622 modo
627 3553 832 3624 desinentia
851 3555 947 3649 apud
960 3556 1133 3628 classicos
1154 3557 1266 3652 scrip-

263 3694 359 3756 tores
369 3708 452 3755 raro
463 3693 670 3771 occurrunt,
684 3687 825 3766 deinde,
835 3690 920 3782 quia
937 3713 1085 3767 sensum
1099 3692 1268 3772 abstrac-

248 3827 338 3891 tum
359 3819 507 3890 habent.
526 3819 596 3890 Hic
610 3827 731 3891 autem
754 3835 943 3906 carantana
965 3848 1074 3896 sensu
1099 3833 1266 3898 concreto

262 3960 471 4046 usurpatur?
490 3952 657 4024 Ceterum
672 3956 770 4048 apud
784 3957 953 4031 Ovidium
961 3961 1087 4035 semel:
1103 3967 1265 4053 apparet.

263 4086 362 4158 Idem
394 4107 491 4155 vero·
510 4087 644 4180 saepius
674 4088 824 4160 adhibet
848 4091 1051 4163 Vitruvius,
1074 4093 1130 4162 Ex
1153 4091 1269 4164 forma

261 4219 762 4317 nerbicnrvnratcurvatum)
783 4246 886 4314 aeque
914 4224 1115 4298 derivatum
1143 4234 1200 4298 est
1227 4249 1268 4296 ae

262 4352 475 4422 vocabulum
491 4353 558 4423 hoc
574 4367 768 4438 emanatura,
790 4379 834 4427 ex
849 4359 958 4429 verbo
978 4379 1115 4431 armate
1132 4363 1271 4453 (anna-
