3630 5842
545 973 716 1032 Posmus...
738 971 808 1032 Non
824 976 894 1034 urst
913 974 1005 1052 hujus
1022 992 1098 1052 opus
1113 974 1216 1056 lanum
1230 974 1351 1037 mollire
1377 977 1535 1040 trabeatis

744 1088 800 1128 uec
822 1074 937 1145 posita
960 1073 1083 1131 variare
1104 1089 1206 1132 coruus
1229 1073 1268 1147 II,
1289 1073 1366 1144 412;

591 1267 710 1360 positu
731 1297 777 1330 z
798 1268 913 1339 absol.
936 1267 1105 1361 portando.

542 1471 706 1531 Rursus...
731 1472 804 1530 Inoo
824 1472 962 1530 lacerata
978 1475 1026 1530 est
1041 1472 1141 1531 ultera
1158 1481 1267 1547 rapta.
1287 1473 1342 1544 III,
1359 1473 1435 1543 7223

592 1667 634 1737 ld
649 1675 729 1738 est:
748 1666 864 1738 altera
879 1689 1007 1739 manus
1023 1669 1068 1738 ub
1084 1668 1147 1738 lno
1163 1643 1226 1739 aut
1243 1670 1353 1763 luoue
1369 1673 1429 1764 qui
1444 1673 1539 1764 rapit.

542 1792 702 1862 lacerata
721 1799 779 1863 est
799 1843 810 1864 .

592 1923 715 1995 lll.-
731 1925 821 1996 Haec
833 1927 869 1995 iu
891 1925 1048 1996 ablativo
1067 1925 1201 2020 plurali
1212 1925 1468 1998 adhibitasunl
1486 1953 1493 1997 ε

543 2136 750 2199 Ausuusus..
774 2137 828 2196 alii
840 2141 946 2215 partes
958 2140 1145 2197 adsensibus
1160 2139 1298 2215 Implent,
1315 2138 1340 2198 Ι.
1355 2139 1426 2200 245.

591 2327 646 2402 ef.
664 2329 883 2423 Vergilium,
910 2331 956 2402 A.
982 2331 1033 2415 Χ,
1053 2330 1125 2413 97;
1151 2330 1303 2404 habebis
1317 2331 1414 2404 idem
1435 2355 1547 2405 roca-

541 2463 680 2544 bulum,
698 2462 763 2534 sed
782 2465 820 2535 iu.
836 2463 1015 2556 singulari
1035 2486 1200 2536 numero,
1324 2463 1326 2468 ’

538 2669 858 2728 AssuususFulmeu
869 2670 907 2728 ab
917 2685 970 2727 ore
984 2669 1081 2742 venii,
1091 2667 1214 2728 frondes
1229 2670 1401 2745 afflatibus
1422 2671 1543 2728 ardent.

699 2763 788 2840 VIII,
802 2767 873 2826 289.

540 2926 721 2989 Hoururus.
731 2930 773 2987 At
790 2929 919 2988 comites
928 2929 1071 3005 rapidum
1084 2928 1214 2988 solidum
1226 2929 1411 2987 luortatibas
1420 2945 1541 3004 agmen.

698 3023 759 3096 ΙΙΙ,
777 3027 847 3088 242,
865 3025 911 3086 ol.
930 3023 1001 3103 VII,
1019 3027 1088 3086 339.

537 3185 705 3245 iussurus.
719 3187 869 3246 Excussit
882 3205 998 3264 pennus
1016 3205 1023 3246 :
1039 3188 1362 3264 quarumjastatibas
1378 3186 1475 3248 omnis

696 3285 822 3345 Adflatu
837 3290 885 3344 est
897 3286 1003 3346 tellus,
1018 3283 1073 3356 Vl,
1090 3285 1232 3347 703-704.

538 3436 551 3462 *
566 3435 753 3496 Nusuurus
770 3437 916 3496 Adrehar
932 3437 1107 3512 Ortygiam,
1124 3439 1228 3496 veniet
1245 3436 1435 3497 narratibus
1456 3437 1541 3494 horu.
1644 3469 1647 3475 ·

697 3552 735 3622 V,
750 3551 820 3612 499.

539 3685 698 3744 risurus.
712 3685 754 3744 Et
769 3687 891 3744 reniam
922 3687 1053 3762 dapibus
1083 3686 1235 3762 nullisque
1259 3685 1435 3765 paratibus
1450 3688 1540 3744 orant

695 3798 783 3874 VIII,
800 3801 870 3861 683.

535 3941 709 4002 Surrurus.
728 3944 807 4008 Quid
823 3962 882 4002 nou
898 3947 929 4002 el
948 3945 1065 4020 Satyri,
1095 3945 1270 4002 saltatibus
1286 3949 1358 4020 apta
1372 3943 1536 4017 juventus

695 4059 779 4127 XIV,
796 4057 865 4119 637.

537 4200 746 4258 susrmlrus.
765 4197 905 4277 Respicit
919 4201 1000 4259 bunc
1016 4203 1105 4260 vatus
1122 4206 1154 4259 et
1169 4199 1393 4276 suspiratibus
1408 4199 1542 4259 haustis.

697 4314 785 4386 XIV,
804 4313 872 4376 129.
1491 4310 1492 4317 '
