3620 5842
686 947 857 1016 ..79-

264 1117 510 1180 *luruarossua
528 1117 605 1178 Tela
619 1124 726 1179 retusa
742 1119 869 1188 eadunt,
886 1123 991 1178 manet
1007 1117 1206 1192 inperfossus
1232 1117 1271 1177 ab

425 1218 517 1290 omui,
533 1217 606 1290 XII,
622 1217 694 1280 496.
711 1211 720 1230 ’

264 1366 570 1430 *lruusmsuuuusus1
605 1369 845 1445 Iureprelreusu
869 1368 963 1430 debat
988 1367 1096 1446 populo
1120 1384 1271 1446 respousa

425 1468 551 1544 petenti.
569 1466 624 1538 ΙΙΙ,
640 1466 710 1528 340.

314 1687 369 1760 uf.
392 1689 500 1763 Trist.
517 1689 564 1774 V,
589 1689 646 1774 14,
668 1689 731 1762 22.

262 1911 276 1936 *
286 1910 460 1972 lusorurus.
473 1913 722 1989 'l'errigenasque
740 1911 825 1972 seras
840 1913 1080 1988 insopitumque
1090 1913 1269 1985 draconem,

424 2027 493 2101 VII,
510 2027 559 2088 36.

312 2243 367 2318 uf.
401 2245 538 2318 Lucan.
576 2244 644 2329 IX,
674 2244 761 2330 3573
795 2243 923 2317 Claud.
959 2243 1070 2341 Rupt.
1099 2245 1268 2339 Proserp.

264 2378 334 2462 Ill,
353 2379 439 2450 400.

311 2511 461 2583 Ovidius
481 2521 518 2585 et
532 2514 692 2606 aequales
708 2513 787 2608 ejus
802 2520 917 2607 poetae
933 2513 1039 2584 tmesi
1057 2511 1138 2583 raro
1161 2525 1269 2583 ulim-

262 2653 334 2717 tur.
356 2644 528 2718 Attamen
543 2647 679 2720 Noster
697 2645 735 2717 in
755 2647 823 2717 hoc
842 2669 950 2717 versu
965 2646 1121 2741 primum
1143 2645 1270 2740 pedem

262 2804 325 2874 per
343 2780 559 2875 particulam
578 2805 642 2873 que
656 2781 736 2852 fieri
757 2778 942 2875 dactylum
957 2778 1097 2851 voluit:

262 2994 538 3055 *lucauuuruuua
560 2995 665 3069 Iusque
679 3001 868 3052 cruentatus
883 2993 1012 3052 Caeneus
1034 2992 1177 3054 Elateius
1194 2993 1268 3053 ictu.

420 3091 492 3163 XII,
509 3090 579 3154 497.

307 3290 389 3360 lam
431 3288 617 3380 Vergilius
652 3283 820 3360 licentius
854 3297 892 3360 et
926 3289 1004 3386 ipse
1038 3311 1102 3384 per
1125 3287 1270 3359 tmesim

261 3420 404 3492 dixerat
420 3442 427 3494 :

299 3692 405 3771 Juque
419 3695 589 3756 salutatam
611 3691 727 3770 linquo.
741 3671 782 3754 Ἀ.
800 3691 857 3765 lx,
873 3696 944 3754 288.

308 3809 364 3881 Ad
380 3810 637 3907 resperspicue
656 3808 906 3902 depingendae
917 3810 1017 3902 epico
1035 3816 1151 3903 poetae
1167 3808 1270 3902 copia

258 3967 382 4016 eorum
404 3969 484 4038 quae
503 3943 665 4038 epitheta
691 3943 859 4014 ornantia
881 3950 1057 4015 vocantur
1082 3943 1268 4014 nominum

295 4241 320 4294 1.
337 4238 399 4292 Nun
415 4238 530 4309 seposui
545 4237 694 4310 partieipia
705 4239 807 4309 quibus
820 4237 1126 4309 praefiguntursyllaba
1135 4237 1269 4308 negativa

259 4330 289 4383 in
304 4333 333 4383 et
346 4326 511 4398 praepositio
519 4329 555 4381 ab
568 4326 632 4380 aliis
644 4327 746 4399 quibus
757 4327 955 4382 tantummodo
968 4326 1078 4399 syllaba
1092 4319 1266 4390 snadhaeret

259 4434 294 4472 ne
307 4417 465 4471 crebriores
479 4420 575 4472 esseut
587 4415 712 4475 articuli.
