3630 5842
681 917 845 986 ..57-

304 1093 344 1166 3⁰
369 1093 492 1166 Unum
514 1089 734 1185 adjectivum
766 1111 897 1162 nomen
922 1089 1064 1160 intimus
1095 1089 1266 1162 desinens

257 1227 385 1300 Ouidio
406 1225 590 1322 peculiare
616 1231 686 1296 est.
706 1223 776 1295 Hic
801 1221 971 1296 suffixum
993 1215 1079 1294 ticon
1100 1223 1268 1296 substan-

257 1362 330 1434 tivo
349 1359 487 1432 nomini
508 1382 602 1452 aquo
623 1357 806 1451 adjicitur.

259 1595 451 1657 Aoumous.
466 1590 635 1650 Geloevere
650 1588 739 1666 pedis
761 1606 819 1647 neo
834 1587 930 1648 solvit
952 1590 1129 1666 aquaticus
1150 1595 1268 1651 auster.

422 1690 463 1760 11,
479 1687 549 1746 853.

463 1859 496 1916 In
522 1875 607 1936 spem
622 1859 770 1918 bererum
785 1841 917 1918 florebat
934 1859 1092 1935 aquatica
1106 1859 1198 1920 lotos.
1215 1859 1272 1934 1x,

421 1956 496 2029 3413
513 1955 552 2016 ei.
568 1957 610 2015 X.
625 1953 677 2015 96.

313 2155 355 2225 In
374 2153 495 2247 priore
510 2174 633 2236 versu,
650 2153 834 2245 aquaticus
850 2183 896 2214 z
916 2152 1084 2246 pluvius3
1101 2153 1140 2225 in
1159 2155 1274 2228 altero

263 2295 399 2371 autem,
422 2318 468 2349 =
488 2285 615 2357 vivens
630 2285 668 2355 in
684 2307 779 2379 aqua
794 2295 857 2357 aut
876 2308 987 2381 prope
1001 2308 1147 2379 aquam.
1167 2288 1276 2361 Inve-

264 2419 344 2493 nies
364 2420 474 2492 etiem
490 2419 661 2512 aquatione
680 2443 759 2491 aves
779 2420 876 2514 apud
890 2419 1066 2492 Plinium.

314 2553 447 2626 Evenit
458 2553 568 2627 etiam
585 2559 625 2624 ut
641 2551 811 2624 suffixum
822 2553 922 2624 verbi
938 2552 1053 2624 radici
1065 2554 1274 2649 adjiciatur,

269 2696 307 2759 ut
321 2687 358 2759 in
373 2687 440 2764 hoe
454 2711 463 2757 :

268 2891 460 2952 namneus.
482 2891 597 2950 Orbem
613 2891 788 2962 interdixit,
809 2909 902 2966 quam
929 2892 981 2950 vix
999 2894 1145 2952 erratica
1171 2893 1278 2968 Delos,

426 2987 481 3060 VI,
497 2989 570 3060 333,

269 3185 364 3278 quod
380 3184 532 3256 Ovidius
546 3206 736 3255 commuue
759 3183 870 3256 habet
884 3208 966 3256 cum
983 3185 1118 3259 Catone
1131 3197 1167 3259 et
1182 3187 1282 3260 Var-

269 3341 370 3390 rone.

320 3524 359 3592 4⁰
377 3520 539 3594 Afferem
562 3546 672 3592 unum
695 3522 915 3615 adjectivum
938 3495 1080 3594 in-iuus
1096 3526 1281 3611 desinens,

271 3657 349 3749 jam
363 3656 543 3726 aCeesere
559 3664 595 3726 et
610 3655 784 3727 Cicerone
802 3639 1015 3750 usurpa'tum
1029 3658 1124 3750 quod
1140 3659 1284 3751 quidem

272 3789 411 3883 primus
422 3789 560 3861 Noster
572 3789 739 3860 versibus
760 3789 938 3860 inseruit:

271 3991 478 4081 Pmsriuus...
497 4039 583 4080 mene
598 4023 723 4080 tentum
743 3993 877 4097 pristine
898 4022 1029 4082 mansit.
1046 4022 1194 4094 111‚203.

319 4224 359 4297 5⁰
377 4225 546 4318 Sequitur
565 4233 604 4296 ut
616 4248 825 4297 enumerem
841 4225 920 4297 haeo
932 4233 1092 4324 quotuor¹
1102 4228 1284 4323 adjectiva

271 4359 412 4430 in-idus
435 4357 552 4444 finite,
574 4382 725 4453 quorum
749 4360 820 4431 duo
848 4360 977 4431 Ovidio
1001 4361 1150 4456 proprie
1171 4371 1281 4436 sunt:

1176 4485 1194 4533 5
