3630 5842
932 881 1108 950 ..62-

561 1051 642 1122 Non
680 1050 843 1122 omittam
876 1050 944 1124 hoc
976 1053 1195 1148 adjectivum
1225 1053 1340 1124 in-elv's
1383 1052 1520 1136 exieus

510 1186 1056 1282 patroettstpatruns)‚1,352;
1085 1187 1151 1274 IV,
1177 1187 1262 1262 462.
1284 1187 1367 1259 dani
1396 1187 1434 1258 in
1459 1186 1523 1258 Ci-

510 1344 640 1393 cerone
661 1320 832 1394 occurrit.

560 1453 597 1526 3.
628 1454 749 1526 Unum
779 1455 999 1551 adjectivum
1017 1479 1150 1529 nomen
1188 1456 1322 1528 in-oris
1350 1454 1521 1528 desinens

512 1588 642 1660 Ovidio
662 1589 846 1684 proprium
868 1596 938 1675 est,
961 1590 1102 1662 scilicet

508 1829 849 1907 Puuuunavs.Dumque
855 1833 1006 1908 puellari
1019 1831 1122 1892 studio
1134 1829 1338 1907 calathosque
1348 1829 1449 1890 sinum
1467 1848 1525 1906 que

710 1937 832 2015 Implet.
848 1937 887 1997 V.
900 1937 971 1999 393.

559 2132 613 2204 Cf.
629 2134 679 2219 X,
696 2134 782 2206 594.
800 2133 918 2208 -cf.
952 2135 1049 2206 Plin.
1067 2135 1104 2206 X
1130 2133 1212 2207 154.
1241 2176 1289 2187 -
1319 2133 1372 2206 ef.
1405 2134 1519 2228 Verg.

509 2270 524 2302 *
539 2269 680 2339 vectoris
692 2269 738 2341 A.
753 2269 859 2354 VIII,
872 2267 960 2354 250,
980 2271 996 2304 *
1008 2272 1184 2364 plantaria
1199 2269 1243 2340 G.
1267 2269 1316 2354 II,
1333 2268 1395 2346 27.

550 2402 754 2474 *Petronius
774 2425 819 2474 ex
842 2407 962 2498 puella
996 2403 1101 2474 finxit
1112 2402 1517 2497 puellariasXLIlLss.

508 2537 676 2608 Ceterum
693 2517 889 2630 puellaria}
910 2544 967 2608 est
986 2536 1102 2609 altera
1118 2536 1234 2609 forma
1266 2537 1429 2632 ejusdem
1458 2537 1519 2607 ad-

499 2670 627 2764 jectivi
638 2670 824 2742 nominisl.
840 2670 1024 2742 Martialis
1039 2679 1160 2744 autem
1181 2679 1217 2743 et
1233 2670 1376 2742 Plinius
1387 2669 1521 2742 Secun-

505 2812 588 2898 dus,
611 2811 730 2886 Ovidii
746 2813 952 2909 exemplum
969 2814 1099 2900 secuti,
1128 2837 1173 2886 ex
1198 2813 1368 2909 adjectivi
1399 2811 1516 2884 forma

503 2947 632 3017 in-aru
648 2949 815 3020 exeuntis
839 2948 1050 3020 adverbium
1068 2950 1275 3043 puellariter
1292 2947 1514 3019 derivarunt.

508 3080 620 3152 Mart.
639 3079 727 3175 Cap.
744 3081 774 3164 I,
796 3081 845 3154 88
858 3104 867 3166 ;
891 3082 990 3152 Plin.
1012 3081 1131 3176 Epist.
1149 3079 1254 3165 VIII,
1281 3082 1337 3166 10,
1358 3091 1386 3150 l.

552 3214 720 3286 Invenies
735 3215 844 3287 etiam
859 3215 937 3288 haeo
949 3217 1019 3286 duo
1035 3215 1214 3310 adjectiva
1228 3216 1267 3286 in
1294 3215 1419 3310 poesin
1435 3215 1515 3309 pni-

502 3369 599 3419 mum
627 3348 673 3417 ab
687 3346 815 3419 Ovidio
830 3347 991 3432 inducta,
1014 3350 1250 3418 docilioribus
1267 3347 1297 3431 I,
1325 3345 1398 3419 275
1419 3371 1428 3429 ;
1450 3372 1517 3442 po-

496 3484 656 3574 pularia,
673 3480 703 3565 I,
715 3480 801 3553 577.

546 3615 582 3688 4.
604 3613 761 3687 Restant
776 3614 845 3686 duo
865 3595 1046 3709 adjectiva
1064 3579 1300 3709 nominaquee
1316 3615 1413 3711 apud
1425 3639 1515 3710 poe-

497 3756 555 3820 tas
581 3771 766 3840 nunquam
789 3763 873 3821 ante
899 3749 1066 3821 Ovidium
1097 3749 1212 3843 leges
1234 3749 1314 3822 dico
1342 3752 1513 3844 pastoria

500 3881 550 3966 II,
572 3882 664 3965 680;
682 3885 814 3954 sororio
834 3883 902 3969 ΙΧ,
930 3881 1004 3955 540
1017 3883 1047 3955 ².

534 4138 606 4194 act.
621 4138 747 4206 dorosa,
765 4138 851 4197 Beitr.
862 4142 893 4196 Z.
909 4141 959 4197 lat.
976 4141 1071 4195 Fovm.
1083 4157 1112 4211 p.
1127 4141 1190 4194 aad.

530 4231 556 4283 2.
570 4227 720 4296 AdjeotIva
732 4227 862 4294 luorico,
879 4230 1028 4302 exquibus
1041 4231 1097 4283 duo
1118 4229 1192 4298 apud
1202 4227 1332 4282 Ovidium
1348 4232 1511 4291 occurrunt,

494 4333 530 4370 ex
553 4316 738 4371 substantivis
751 4317 915 4372 nominibus
929 4318 1015 4374 in-tor
1036 4318 1115 4387 (sor).
1130 4333 1171 4381 or,
1184 4315 1350 4372 derivantur
1364 4320 1393 4371 et
1403 4316 1433 4370 in
1445 4332 1511 4388 pos·

494 4404 601 4460 teriove
613 4403 757 4461 latInitate
776 4406 929 4462 abundant.
