3630 5842
973 819 1126 884 -6-

539 993 655 1063 vando
687 998 868 1063 auxerunt
894 990 1100 1075 Lueretius,
1131 988 1309 1074 Catullus
1345 989 1546 1084 Vergilius

538 1125 728 1209 Horatius,
746 1123 925 1209 Tibullus
957 1124 1184 1218 Propertius,
1214 1123 1377 1194 Ovidius.
1407 1123 1550 1197 Lucre·-

537 1259 610 1330 tius
625 1258 720 1330 enim
741 1259 925 1329 Romanos
946 1257 1121 1329 doctrinae
1134 1257 1242 1350 atque
1264 1257 1438 1328 orationis
1462 1255 1549 1352 phi-

535 1391 696 1486 losophae
715 1392 865 1484 ignaros
880 1390 1065 1462 vocabulis
1080 1389 1280 1462 innumeris
1301 1390 1449 1463 donavit
1467 1413 1547 1483 quae

536 1525 586 1595 ad·
602 1525 767 1596 notiones
782 1525 928 1596 omnino
939 1547 1051 1597 novas
1069 1524 1303 1618 explicandas
1324 1531 1410 1619 apta
1428 1530 1546 1596 erant.

540 1655 730 1731 Lueretius
743 1664 779 1730 et
810 1657 990 1743 Catullus,
1009 1664 1049 1729 ut
1059 1657 1110 1729 ita
1127 1657 1260 1742 dicam,
1274 1655 1366 1728 fines
1382 1656 1549 1729 obtinent

537 1791 598 1883 qui
613 1791 769 1886 priorem
784 1792 829 1863 ab
844 1814 957 1863 aurea
968 1791 1090 1886 poesis
1102 1790 1227 1862 latinae
1243 1797 1351 1864 aetate
1367 1789 1546 1876 dividunt,

536 1923 598 1996 ille
613 1931 735 1996 tamen
755 1924 868 1996 multo
896 1925 1048 1996 similior
1068 1923 1266 2010 veteribus,
1283 1923 1343 1996 hio
1368 1923 1546 2018 Vergilio,

536 2056 692 2142 Tibullo,
708 2058 897 2153 Propertio
913 2065 950 2130 et
965 2058 1106 2130 Ovidio.
1119 2057 1312 2130 Lucretius
1328 2057 1548 2130 innovando

534 2189 701 2265 licentior
721 2190 876 2265 exstitit.
894 2192 947 2263 Ob
964 2189 1171 2286 argumenti
1183 2192 1278 2285 quod
1293 2190 1464 2263 tractavit
1491 2213 1548 2262 as·

534 2323 726 2419 paritatem
742 2331 779 2414 et
792 2325 939 2396 nimiam
956 2325 1202 2421 jejunitatem,
1232 2325 1346 2398 multa
1372 2322 1548 2397 vocabula

534 2458 706 2552 produxit
735 2481 815 2551 quae
840 2457 1028 2531 fatendum
1064 2466 1121 2531 est
1142 2459 1243 2554 poesi
1275 2458 1409 2553 saepius
1438 2480 1544 2552 repu-

536 2611 665 2680 gnare.
684 2592 856 2664 ¹Catullus
887 2615 988 2678 vero,
1014 2615 1221 2686 quanquam
1245 2593 1358 2664 multo
1387 2591 1544 2686 parcior,

536 2725 626 2797 satis
638 2726 998 2820 superqueaudacem
1013 2724 1545 2820 seseingalliambispraestitit‚

519 2881 645 2952 ¹quum
674 2882 757 2932 raro
778 2859 991 2932 hexametro
1022 2883 1131 2931 versu
1161 2883 1249 2931 usus
1272 2859 1332 2931 sit.
1356 2858 1544 2952 Vergilius

535 2998 671 3077 autem,
689 2993 755 3064 sub
769 3017 846 3086 ,quo
863 2992 967 3086 quasi
988 2994 1055 3065 sub
1071 2993 1235 3088 principe
1253 2991 1374 3088 peesis
1392 2991 1438 3064 ad
1456 3014 1547 3063 oon-

536 3132 752 3198 summatum
786 3125 1006 3218 elegantiam
1034 3134 1263 3222 pervenerat,
1306 3149 1328 3198 a
1362 3124 1545 3220 prioribus

536 3258 694 3330 romanis
709 3259 840 3354 poetis
860 3259 911 3332 ab
928 3259 1047 3332 Ennio
1062 3261 1268 3355 praesertim
1286 3259 1543 3352 Lueretioque‚

533 3392 750 3479 licetcaute‚
766 3393 1071 3488 potiusvocabula
1081 3393 1249 3487 quaedam
1258 3401 1322 3464 aut
1332 3390 1543 3487 assumpsit,

535 3527 686 3622 autipse
699 3527 746 3600 ad
759 3527 956 3599 latinorum
966 3535 1156 3621 poetarum
1165 3535 1327 3598 veterum
1342 3526 1544 3620 exemplum

533 3658 715 3745 formavit,
728 3684 870 3754 quama
885 3684 1006 3758 graeco
1017 3659 1115 3734 sonte
1127 3661 1294 3733 detorsit.
1311 3659 1381 3737 Qui
1400 3658 1545 3753 quidem

534 3795 572 3864 in
600 3793 764 3887 linguam
800 3793 953 3867 latinam
989 3819 1119 3888 graecae
1154 3794 1318 3892 syntaxis
1353 3800 1546 3866 construc-

534 3926 652 3999 tiones
666 3950 774 4020 quam
789 3927 964 4001 vocabula
976 3928 1057 4023 ipsa
1072 3952 1194 4022 graeca
1206 3927 1379 4000 inducere
1401 3925 1543 4022 maluit.

535 4060 700 4132 Tibullus
728 4084 828 4147 vero,
860 4063 1010 4166 elegans
1049 4061 1129 4134 ille'
1148 4069 1268 4158 poeta,
1305 4060 1427 4132 rarius
1455 4058 1545 4132 artis

533 4179 625 4266 fines
647 4195 847 4268 transilire
891 4219 1002 4268 ausus
1045 4204 1114 4268 est.
1160 4195 1241 4267 Dici
1285 4202 1403 4290 potest
1441 4193 1544 4264 illum

534 4328 756 4422 paucissima
788 4330 965 4402 vocabula
1002 4352 1169 4414 novasse,
1206 4336 1247 4400 ut
1283 4327 1474 4423 apparebit
1502 4351 1546 4400 ex
