<?xml version="1.0" encoding="UTF-8"?>
<!DOCTYPE html PUBLIC "-//W3C//DTD XHTML 1.0 Transitional//EN"
    "http://www.w3.org/TR/xhtml1/DTD/xhtml1-transitional.dtd">
<html xmlns="http://www.w3.org/1999/xhtml" xml:lang="en" lang="en">
 <head>
  <title>
</title>
<meta http-equiv="Content-Type" content="text/html;charset=utf-8" />
  <meta name='ocr-system' content='tesseract 3.04.00' />
  <meta name='ocr-capabilities' content='ocr_page ocr_carea ocr_par ocr_line ocrx_word'/>
</head>
<body>
  <div class='ocr_page' id='page_1' title='image "./deovidionovator00favrgoog_0039.png"; bbox 0 0 3630 5842; ppageno 0'>
   <div class='ocr_carea' id='block_1_1' title="bbox 952 865 1125 932">
    <p class='ocr_par' dir='ltr' id='par_1_1' title="bbox 952 865 1125 932">
     <span class='ocr_line' id='line_1_1' title="bbox 952 865 1125 932; baseline 0.006 -18"><span class='ocrx_word' id='word_1_1' title='bbox 952 865 1125 932; x_wconf 69' lang='lat'>„26-</span> 
     </span>
    </p>
   </div>
   <div class='ocr_carea' id='block_1_2' title="bbox 532 1034 1635 2734">
    <p class='ocr_par' dir='ltr' id='par_1_2' title="bbox 532 1034 1635 2734">
     <span class='ocr_line' id='line_1_2' title="bbox 532 1034 1535 1132; baseline 0.002 -27"><span class='ocrx_word' id='word_1_2' title='bbox 532 1040 637 1132; x_wconf 88' lang='lat' dir='ltr'>tum).</span> <span class='ocrx_word' id='word_1_3' title='bbox 652 1034 799 1106; x_wconf 80' lang='lat' dir='ltr'><strong>Primus</strong></span> <span class='ocrx_word' id='word_1_4' title='bbox 813 1035 953 1108; x_wconf 87' lang='lat' dir='ltr'><strong>Plinius</strong></span> <span class='ocrx_word' id='word_1_5' title='bbox 969 1037 1083 1132; x_wconf 83' lang='lat' dir='ltr'>major</span> <span class='ocrx_word' id='word_1_6' title='bbox 1096 1037 1186 1109; x_wconf 82' lang='lat' dir='ltr'>setis</span> <span class='ocrx_word' id='word_1_7' title='bbox 1196 1037 1310 1109; x_wconf 82' lang='lat' dir='ltr'>multa</span> <span class='ocrx_word' id='word_1_8' title='bbox 1319 1036 1429 1131; x_wconf 87' lang='lat' dir='ltr'>hujus</span> <span class='ocrx_word' id='word_1_9' title='bbox 1440 1037 1535 1108; x_wconf 89' lang='lat' dir='ltr'>modi</span> 
     </span>
     <span class='ocr_line' id='line_1_3' title="bbox 532 1167 1537 1244; baseline 0.004 -7"><span class='ocrx_word' id='word_1_10' title='bbox 532 1167 678 1239; x_wconf 86' lang='lat' dir='ltr'>nomina</span> <span class='ocrx_word' id='word_1_11' title='bbox 697 1169 924 1242; x_wconf 84' lang='lat' dir='ltr'>substantiva</span> <span class='ocrx_word' id='word_1_12' title='bbox 938 1169 1119 1242; x_wconf 83' lang='lat' dir='ltr'>formavit.</span> <span class='ocrx_word' id='word_1_13' title='bbox 1140 1170 1331 1244; x_wconf 79' lang='lat' dir='ltr'>Lucretius</span> <span class='ocrx_word' id='word_1_14' title='bbox 1348 1171 1455 1243; x_wconf 84' lang='lat' dir='ltr'>etiam</span> <span class='ocrx_word' id='word_1_15' title='bbox 1477 1171 1537 1241; x_wconf 85' lang='lat' dir='ltr'>he·</span> 
     </span>
     <span class='ocr_line' id='line_1_4' title="bbox 533 1301 1534 1397; baseline 0.004 -26"><span class='ocrx_word' id='word_1_16' title='bbox 533 1302 594 1372; x_wconf 87' lang='lat' dir='ltr'>bet</span> <span class='ocrx_word' id='word_1_17' title='bbox 604 1301 681 1373; x_wconf 86' lang='lat' dir='ltr'>haec</span> <span class='ocrx_word' id='word_1_18' title='bbox 692 1304 838 1397; x_wconf 82' lang='lat' dir='ltr'>propria</span> <span class='ocrx_word' id='word_1_19' title='bbox 853 1325 860 1376; x_wconf 90' lang='lat'>:</span> <span class='ocrx_word' id='word_1_20' title='bbox 884 1305 1154 1388; x_wconf 65' lang='lat' dir='ltr'><strong><em>circumcaesura,</em></strong></span> <span class='ocrx_word' id='word_1_21' title='bbox 1173 1303 1239 1388; x_wconf 93' lang='lat' dir='ltr'>III,</span> <span class='ocrx_word' id='word_1_22' title='bbox 1252 1305 1325 1376; x_wconf 72' lang='lat'>219</span> <span class='ocrx_word' id='word_1_23' title='bbox 1340 1330 1348 1389; x_wconf 90' lang='lat'>;</span> <span class='ocrx_word' id='word_1_24' title='bbox 1367 1304 1430 1394; x_wconf 85' lang='lat' dir='ltr'>IV,</span> <span class='ocrx_word' id='word_1_25' title='bbox 1445 1303 1534 1387; x_wconf 82' lang='lat'>645;</span> 
     </span>
     <span class='ocr_line' id='line_1_5' title="bbox 534 1434 1538 1530; baseline 0.003 -27"><span class='ocrx_word' id='word_1_26' title='bbox 534 1434 757 1529; x_wconf 77' lang='lat' dir='ltr'>dispositum,</span> <span class='ocrx_word' id='word_1_27' title='bbox 775 1436 926 1520; x_wconf 77' lang='lat'>1,1027;</span> <span class='ocrx_word' id='word_1_28' title='bbox 948 1437 992 1522; x_wconf 91' lang='lat' dir='ltr'>V,</span> <span class='ocrx_word' id='word_1_29' title='bbox 1007 1438 1075 1509; x_wconf 72' lang='lat'>192</span> <span class='ocrx_word' id='word_1_30' title='bbox 1090 1463 1099 1522; x_wconf 89' lang='grc'><strong>;</strong></span> <span class='ocrx_word' id='word_1_31' title='bbox 1117 1439 1269 1530; x_wconf 65' lang='lat' dir='ltr'>(lesura,</span> <span class='ocrx_word' id='word_1_32' title='bbox 1284 1438 1349 1521; x_wconf 95' lang='lat' dir='ltr'>IV,</span> <span class='ocrx_word' id='word_1_33' title='bbox 1365 1437 1454 1522; x_wconf 90' lang='lat'>310;</span> <span class='ocrx_word' id='word_1_34' title='bbox 1470 1440 1538 1528; x_wconf 74' lang='lat' dir='ltr'><strong><em>scr-</em></strong></span> 
     </span>
     <span class='ocr_line' id='line_1_6' title="bbox 533 1569 1539 1665; baseline 0.002 -27"><span class='ocrx_word' id='word_1_35' title='bbox 533 1579 681 1652; x_wconf 80' lang='lat' dir='ltr'>matcra,</span> <span class='ocrx_word' id='word_1_36' title='bbox 697 1569 759 1653; x_wconf 89' lang='lat' dir='ltr'>IV,</span> <span class='ocrx_word' id='word_1_37' title='bbox 773 1569 859 1653; x_wconf 82' lang='lat'>550,</span> <span class='ocrx_word' id='word_1_38' title='bbox 876 1570 992 1643; x_wconf 84' lang='lat' dir='ltr'>absol.</span> <span class='ocrx_word' id='word_1_39' title='bbox 1009 1570 1101 1653; x_wconf 80' lang='lat'>554;</span> <span class='ocrx_word' id='word_1_40' title='bbox 1116 1573 1282 1665; x_wconf 74' lang='lat' dir='ltr'>positura,</span> <span class='ocrx_word' id='word_1_41' title='bbox 1295 1571 1429 1665; x_wconf 81' lang='lat' dir='ltr'>passim</span> <span class='ocrx_word' id='word_1_42' title='bbox 1442 1595 1451 1654; x_wconf 92' lang='lat'>;</span> <span class='ocrx_word' id='word_1_43' title='bbox 1466 1582 1539 1641; x_wconf 67' lang='lat' dir='ltr'>tece-</span> 
     </span>
     <span class='ocr_line' id='line_1_7' title="bbox 536 1702 1536 1798; baseline 0.005 -28"><span class='ocrx_word' id='word_1_44' title='bbox 536 1713 628 1784; x_wconf 81' lang='lat' dir='ltr'>teca‚</span> <span class='ocrx_word' id='word_1_45' title='bbox 662 1704 822 1796; x_wconf 84' lang='lat' dir='ltr'>passim;</span> <span class='ocrx_word' id='word_1_46' title='bbox 854 1702 899 1775; x_wconf 86' lang='lat' dir='ltr'>cf.</span> <span class='ocrx_word' id='word_1_47' title='bbox 920 1705 1028 1798; x_wconf 89' lang='lat' dir='ltr'><strong>Prop.</strong></span> <span class='ocrx_word' id='word_1_48' title='bbox 1048 1704 1113 1784; x_wconf 92' lang='lat' dir='ltr'>IV,</span> <span class='ocrx_word' id='word_1_49' title='bbox 1141 1703 1178 1789; x_wconf 84' lang='lat'>5,</span> <span class='ocrx_word' id='word_1_50' title='bbox 1195 1721 1242 1775; x_wconf 80' lang='lat' dir='ltr'>es.</span> <span class='ocrx_word' id='word_1_51' title='bbox 1263 1705 1311 1776; x_wconf 86' lang='lat' dir='ltr'>At</span> <span class='ocrx_word' id='word_1_52' title='bbox 1335 1703 1536 1794; x_wconf 78' lang='lat' dir='ltr'>Vergilius,</span> 
     </span>
     <span class='ocr_line' id='line_1_8' title="bbox 537 1835 1541 1922; baseline 0.004 -18"><span class='ocrx_word' id='word_1_53' title='bbox 537 1835 664 1906; x_wconf 83' lang='lat' dir='ltr'>saltem</span> <span class='ocrx_word' id='word_1_54' title='bbox 694 1859 802 1908; x_wconf 82' lang='lat' dir='ltr'>sensu</span> <span class='ocrx_word' id='word_1_55' title='bbox 831 1846 1012 1922; x_wconf 85' lang='lat' dir='ltr'>concreto,</span> <span class='ocrx_word' id='word_1_56' title='bbox 1035 1837 1114 1909; x_wconf 84' lang='lat' dir='ltr'>haec</span> <span class='ocrx_word' id='word_1_57' title='bbox 1158 1838 1305 1909; x_wconf 80' lang='lat' dir='ltr'>adhibet</span> <span class='ocrx_word' id='word_1_58' title='bbox 1317 1846 1541 1909; x_wconf 81' lang='lat' dir='ltr'>tantummo-</span> 
     </span>
     <span class='ocr_line' id='line_1_9' title="bbox 536 1967 1538 2061; baseline 0.004 -23"><span class='ocrx_word' id='word_1_59' title='bbox 536 1967 582 2038; x_wconf 87' lang='lat' dir='ltr'>do</span> <span class='ocrx_word' id='word_1_60' title='bbox 592 1991 601 2039; x_wconf 75' lang='grc' dir='ltr'><em>τ</em></span> <span class='ocrx_word' id='word_1_61' title='bbox 609 1973 813 2060; x_wconf 66' lang='lat' dir='ltr'>juncturas</span> <span class='ocrx_word' id='word_1_62' title='bbox 828 1972 873 2041; x_wconf 89' lang='lat' dir='ltr'>A.</span> <span class='ocrx_word' id='word_1_63' title='bbox 884 1971 972 2056; x_wconf 88' lang='lat' dir='ltr'>XII,</span> <span class='ocrx_word' id='word_1_64' title='bbox 983 1971 1074 2054; x_wconf 75' lang='lat'>2743</span> <span class='ocrx_word' id='word_1_65' title='bbox 1097 1969 1142 2043; x_wconf 86' lang='lat' dir='ltr'>cf.</span> <span class='ocrx_word' id='word_1_66' title='bbox 1154 1971 1261 2042; x_wconf 87' lang='lat' dir='ltr'><strong>Hom.</strong></span> <span class='ocrx_word' id='word_1_67' title='bbox 1272 1983 1418 2061; x_wconf 63' lang='grc' dir='ltr'>Ζωστῆρος</span> <span class='ocrx_word' id='word_1_68' title='bbox 1434 1983 1538 2058; x_wconf 53' lang='lat' dir='ltr'>exsec:</span> 
     </span>
     <span class='ocr_line' id='line_1_10' title="bbox 535 2102 1541 2198; baseline 0.005 -29"><span class='ocrx_word' id='word_1_69' title='bbox 535 2104 719 2185; x_wconf 68' lang='lat' dir='ltr'>stricturae,</span> <span class='ocrx_word' id='word_1_70' title='bbox 734 2103 779 2174; x_wconf 82' lang='lat' dir='ltr'>A.</span> <span class='ocrx_word' id='word_1_71' title='bbox 798 2102 903 2189; x_wconf 89' lang='lat' dir='ltr'>VIII,</span> <span class='ocrx_word' id='word_1_72' title='bbox 920 2105 1006 2187; x_wconf 77' lang='lat'>421,</span> <span class='ocrx_word' id='word_1_73' title='bbox 1028 2104 1065 2176; x_wconf 87' lang='lat' dir='ltr'>id</span> <span class='ocrx_word' id='word_1_74' title='bbox 1089 2113 1145 2177; x_wconf 90' lang='lat' dir='ltr'>est</span> <span class='ocrx_word' id='word_1_75' title='bbox 1172 2129 1285 2175; x_wconf 86' lang='lat' dir='ltr'>messa</span> <span class='ocrx_word' id='word_1_76' title='bbox 1300 2131 1376 2198; x_wconf 84' lang='lat' dir='ltr'>quce</span> <span class='ocrx_word' id='word_1_77' title='bbox 1419 2109 1541 2176; x_wconf 83' lang='lat' dir='ltr'>malleo</span> 
     </span>
     <span class='ocr_line' id='line_1_11' title="bbox 535 2237 1542 2332; baseline 0.005 -29"><span class='ocrx_word' id='word_1_78' title='bbox 535 2237 659 2327; x_wconf 75' lang='lat' dir='ltr'>stricqi</span> <span class='ocrx_word' id='word_1_79' title='bbox 688 2259 727 2306; x_wconf 85' lang='lat' dir='ltr'>cc</span> <span class='ocrx_word' id='word_1_80' title='bbox 749 2237 889 2307; x_wconf 80' lang='lat' dir='ltr'>densari</span> <span class='ocrx_word' id='word_1_81' title='bbox 918 2249 1040 2332; x_wconf 82' lang='lat' dir='ltr'>potest.</span> <span class='ocrx_word' id='word_1_82' title='bbox 1065 2238 1188 2310; x_wconf 84' lang='lat' dir='ltr'>Facile</span> <span class='ocrx_word' id='word_1_83' title='bbox 1220 2238 1384 2332; x_wconf 83' lang='lat' dir='ltr'>intellegi</span> <span class='ocrx_word' id='word_1_84' title='bbox 1424 2246 1542 2331; x_wconf 82' lang='lat' dir='ltr'>potest</span> 
     </span>
     <span class='ocr_line' id='line_1_12' title="bbox 538 2370 1542 2466; baseline 0 -24"><span class='ocrx_word' id='word_1_85' title='bbox 538 2370 719 2453; x_wconf 88' lang='lat' dir='ltr'>Ovidium,</span> <span class='ocrx_word' id='word_1_86' title='bbox 753 2370 914 2443; x_wconf 84' lang='lat' dir='ltr'>Lucretii</span> <span class='ocrx_word' id='word_1_87' title='bbox 944 2371 982 2442; x_wconf 92' lang='lat' dir='ltr'>in</span> <span class='ocrx_word' id='word_1_88' title='bbox 1010 2371 1336 2466; x_wconf 84' lang='lat' dir='ltr'>Metamorphosesi</span> <span class='ocrx_word' id='word_1_89' title='bbox 1378 2372 1542 2465; x_wconf 90' lang='lat' dir='ltr'>discipu-</span> 
     </span>
     <span class='ocr_line' id='line_1_13' title="bbox 537 2503 1542 2599; baseline 0.002 -27"><span class='ocrx_word' id='word_1_90' title='bbox 537 2503 626 2586; x_wconf 89' lang='lat' dir='ltr'>lum,</span> <span class='ocrx_word' id='word_1_91' title='bbox 643 2504 1011 2597; x_wconf 82' lang='lat' dir='ltr'>vocabulaquaedam,</span> <span class='ocrx_word' id='word_1_92' title='bbox 1039 2505 1169 2597; x_wconf 89' lang='lat' dir='ltr'>quibus</span> <span class='ocrx_word' id='word_1_93' title='bbox 1198 2505 1281 2599; x_wconf 92' lang='lat' dir='ltr'>ipsi,</span> <span class='ocrx_word' id='word_1_94' title='bbox 1312 2511 1351 2575; x_wconf 86' lang='lat' dir='ltr'>ut</span> <span class='ocrx_word' id='word_1_95' title='bbox 1378 2505 1542 2574; x_wconf 87' lang='lat' dir='ltr'>notiones</span> 
     </span>
     <span class='ocr_line' id='line_1_14' title="bbox 538 2635 1635 2734; baseline 0 -27"><span class='ocrx_word' id='word_1_96' title='bbox 538 2637 682 2708; x_wconf 86' lang='lat' dir='ltr'>omnino</span> <span class='ocrx_word' id='word_1_97' title='bbox 704 2660 815 2708; x_wconf 86' lang='lat' dir='ltr'>novas</span> <span class='ocrx_word' id='word_1_98' title='bbox 835 2645 899 2709; x_wconf 84' lang='lat' dir='ltr'>eut</span> <span class='ocrx_word' id='word_1_99' title='bbox 917 2635 1077 2708; x_wconf 77' lang='lat' dir='ltr'>nondum</span> <span class='ocrx_word' id='word_1_100' title='bbox 1094 2637 1132 2708; x_wconf 92' lang='lat' dir='ltr'>in</span> <span class='ocrx_word' id='word_1_101' title='bbox 1143 2637 1258 2708; x_wconf 84' lang='lat' dir='ltr'>latina</span> <span class='ocrx_word' id='word_1_102' title='bbox 1273 2638 1373 2734; x_wconf 90' lang='lat' dir='ltr'>poesi</span> <span class='ocrx_word' id='word_1_103' title='bbox 1393 2660 1544 2731; x_wconf 83' lang='lat' dir='ltr'>expres·</span> <span class='ocrx_word' id='word_1_104' title='bbox 1632 2672 1635 2676; x_wconf 96' lang='lat'>·</span> 
     </span>
    </p>
   </div>
   <div class='ocr_carea' id='block_1_3' title="bbox 539 2769 1543 2865">
    <p class='ocr_par' dir='ltr' id='par_1_3' title="bbox 539 2769 1543 2865">
     <span class='ocr_line' id='line_1_15' title="bbox 539 2769 1543 2865; baseline 0 -26"><span class='ocrx_word' id='word_1_105' title='bbox 539 2794 598 2841; x_wconf 82' lang='lat' dir='ltr'>ses</span> <span class='ocrx_word' id='word_1_106' title='bbox 627 2771 837 2864; x_wconf 78' lang='lat' dir='ltr'>explicaret,</span> <span class='ocrx_word' id='word_1_107' title='bbox 872 2794 961 2865; x_wconf 86' lang='lat' dir='ltr'>opus</span> <span class='ocrx_word' id='word_1_108' title='bbox 982 2779 1092 2854; x_wconf 82' lang='lat' dir='ltr'>esset,</span> <span class='ocrx_word' id='word_1_109' title='bbox 1125 2769 1289 2842; x_wconf 83' lang='lat' dir='ltr'>novando</span> <span class='ocrx_word' id='word_1_110' title='bbox 1315 2770 1543 2842; x_wconf 79' lang='lat' dir='ltr'>audaciorem</span> 
     </span>
    </p>
   </div>
   <div class='ocr_carea' id='block_1_4' title="bbox 538 2905 736 2976">
    <p class='ocr_par' dir='ltr' id='par_1_4' title="bbox 538 2905 736 2976">
     <span class='ocr_line' id='line_1_16' title="bbox 538 2905 736 2976; baseline 0 0"><span class='ocrx_word' id='word_1_111' title='bbox 538 2905 736 2976; x_wconf 76' lang='lat' dir='ltr'>exstitisse.</span> 
     </span>
    </p>
   </div>
   <div class='ocr_carea' id='block_1_5' title="bbox 540 3685 1548 4454">
    <p class='ocr_par' dir='ltr' id='par_1_5' title="bbox 540 3685 1548 4454">
     <span class='ocr_line' id='line_1_17' title="bbox 589 3685 1546 3781; baseline -0.006 -21"><span class='ocrx_word' id='word_1_112' title='bbox 589 3688 827 3760; x_wconf 85' lang='lat' dir='ltr'>inveniuntur</span> <span class='ocrx_word' id='word_1_113' title='bbox 846 3685 885 3756; x_wconf 90' lang='lat' dir='ltr'>in</span> <span class='ocrx_word' id='word_1_114' title='bbox 903 3685 996 3758; x_wconf 84' lang='lat' dir='ltr'>libro</span> <span class='ocrx_word' id='word_1_115' title='bbox 1017 3685 1360 3781; x_wconf 84' lang='lat' dir='ltr'>Metamorphosecn</span> <span class='ocrx_word' id='word_1_116' title='bbox 1381 3692 1546 3759; x_wconf 83' lang='lat' dir='ltr'>tantum-</span> 
     </span>
     <span class='ocr_line' id='line_1_18' title="bbox 540 3820 1544 3913; baseline -0.005 -20"><span class='ocrx_word' id='word_1_117' title='bbox 540 3822 644 3893; x_wconf 85' lang='lat' dir='ltr'>modo</span> <span class='ocrx_word' id='word_1_118' title='bbox 664 3820 734 3891; x_wconf 88' lang='lat' dir='ltr'>duo</span> <span class='ocrx_word' id='word_1_119' title='bbox 753 3820 980 3891; x_wconf 84' lang='lat' dir='ltr'>substantiva</span> <span class='ocrx_word' id='word_1_120' title='bbox 998 3821 1145 3891; x_wconf 84' lang='lat' dir='ltr'>nomina</span> <span class='ocrx_word' id='word_1_121' title='bbox 1166 3820 1318 3903; x_wconf 81' lang='lat' dir='ltr'>in-tcclo,</span> <span class='ocrx_word' id='word_1_122' title='bbox 1340 3823 1386 3890; x_wconf 83' lang='lat' dir='ltr'>ad</span> <span class='ocrx_word' id='word_1_123' title='bbox 1401 3841 1544 3913; x_wconf 75' lang='lat' dir='ltr'>prosam</span> 
     </span>
     <span class='ocr_line' id='line_1_19' title="bbox 541 3952 1546 4047; baseline -0.003 -23"><span class='ocrx_word' id='word_1_124' title='bbox 541 3956 740 4026; x_wconf 78' lang='lat' dir='ltr'>orationem</span> <span class='ocrx_word' id='word_1_125' title='bbox 761 3953 903 4047; x_wconf 83' lang='lat' dir='ltr'>aptiora</span> <span class='ocrx_word' id='word_1_126' title='bbox 929 3952 1103 4045; x_wconf 83' lang='lat' dir='ltr'>quemad</span> <span class='ocrx_word' id='word_1_127' title='bbox 1128 3954 1319 4046; x_wconf 84' lang='lat' dir='ltr'>poeticam,</span> <span class='ocrx_word' id='word_1_128' title='bbox 1352 3975 1432 4046; x_wconf 87' lang='lat' dir='ltr'>quae</span> <span class='ocrx_word' id='word_1_129' title='bbox 1462 3952 1546 4044; x_wconf 90' lang='lat' dir='ltr'>qui-</span> 
     </span>
     <span class='ocr_line' id='line_1_20' title="bbox 540 4085 1547 4180; baseline -0.005 -20"><span class='ocrx_word' id='word_1_130' title='bbox 540 4091 620 4160; x_wconf 75' lang='lat' dir='ltr'>‹lem</span> <span class='ocrx_word' id='word_1_131' title='bbox 642 4110 734 4159; x_wconf 86' lang='lat' dir='ltr'>unus</span> <span class='ocrx_word' id='word_1_132' title='bbox 754 4087 850 4157; x_wconf 76' lang='lat' dir='ltr'>inter</span> <span class='ocrx_word' id='word_1_133' title='bbox 867 4095 992 4180; x_wconf 83' lang='lat' dir='ltr'>poetas</span> <span class='ocrx_word' id='word_1_134' title='bbox 1024 4088 1212 4180; x_wconf 80' lang='lat' dir='ltr'>usurpavit</span> <span class='ocrx_word' id='word_1_135' title='bbox 1229 4087 1378 4158; x_wconf 87' lang='lat' dir='ltr'>Noster.</span> <span class='ocrx_word' id='word_1_136' title='bbox 1401 4085 1449 4156; x_wconf 88' lang='lat' dir='ltr'>At</span> <span class='ocrx_word' id='word_1_137' title='bbox 1471 4087 1547 4156; x_wconf 81' lang='lat' dir='ltr'>ani-</span> 
     </span>
     <span class='ocr_line' id='line_1_21' title="bbox 544 4218 1548 4312; baseline -0.007 -20"><span class='ocrx_word' id='word_1_138' title='bbox 544 4223 750 4292; x_wconf 75' lang='lat' dir='ltr'>madvertes</span> <span class='ocrx_word' id='word_1_139' title='bbox 769 4242 812 4290; x_wconf 81' lang='lat' dir='ltr'>ea</span> <span class='ocrx_word' id='word_1_140' title='bbox 837 4221 881 4289; x_wconf 84' lang='lat' dir='ltr'>ab</span> <span class='ocrx_word' id='word_1_141' title='bbox 899 4219 1031 4290; x_wconf 77' lang='lat' dir='ltr'>ovidio</span> <span class='ocrx_word' id='word_1_142' title='bbox 1054 4219 1091 4289; x_wconf 91' lang='lat' dir='ltr'>in</span> <span class='ocrx_word' id='word_1_143' title='bbox 1112 4221 1270 4290; x_wconf 83' lang='lat' dir='ltr'>ablativo</span> <span class='ocrx_word' id='word_1_144' title='bbox 1296 4218 1488 4312; x_wconf 71' lang='lat' dir='ltr'>singulari,</span> <span class='ocrx_word' id='word_1_145' title='bbox 1510 4229 1548 4290; x_wconf 80' lang='lat' dir='ltr'>ut</span> 
     </span>
     <span class='ocr_line' id='line_1_22' title="bbox 541 4352 1129 4454; baseline 0.002 -28"><span class='ocrx_word' id='word_1_146' title='bbox 541 4355 674 4454; x_wconf 74' lang='lat' dir='ltr'>‹tcctyli</span> <span class='ocrx_word' id='word_1_147' title='bbox 690 4353 833 4436; x_wconf 78' lang='lat' dir='ltr'>fierent,</span> <span class='ocrx_word' id='word_1_148' title='bbox 856 4352 1019 4423; x_wconf 82' lang='lat' dir='ltr'>adhibite</span> <span class='ocrx_word' id='word_1_149' title='bbox 1035 4375 1129 4428; x_wconf 82' lang='lat' dir='ltr'>esse.</span> 
     </span>
    </p>
   </div>
   <div class='ocr_carea' id='block_1_6' title="bbox 0 0 1832 5842">
    <p class='ocr_par' dir='ltr' id='par_1_6' title="bbox 0 0 1832 5842">
     <span class='ocr_line' id='line_1_23' title="bbox 0 0 1832 5842; baseline 0 0"><span class='ocrx_word' id='word_1_150' title='bbox 0 0 1832 5842; x_wconf 95' lang='lat' dir='ltr'> </span> 
     </span>
    </p>
   </div>
  </div>
 </body>
</html>
