3630 5842
451 1333 654 1432 CAPUT
709 1333 1035 1434 SECUNDUM

534 1683 579 1732 DE
602 1682 786 1734 ansncmvo
809 1683 942 1734 Nonius

731 1969 745 2038 Ι

532 2365 689 2408 sauream
708 2350 825 2408 rra-bilia
844 2367 939 2408 rrum

282 2609 362 2682 Hoc
378 2609 639 2705 adjectivorum
659 2610 844 2683 nominum
869 2633 985 2704 genus
1005 2610 1242 2705 scriptoribus

234 2742 460 2839 philosophis
481 2745 662 2816 convenit.
684 2745 810 2817 Cicero
842 2743 937 2816 enim
955 2742 1132 2815 nonnulla
1148 2767 1244 2815 nova

234 2877 396 2962 admisit,
420 2878 498 2962 sed,
516 2885 554 2949 ut
570 2876 675 2962 solet,
706 2885 853 2950 cautum
885 2876 1032 2949 illorum
1061 2876 1242 2949 delectum

233 3009 332 3084 fecit.
356 3011 428 3082 Per
444 3036 482 3083 se
498 3012 589 3083 nihil
603 3011 703 3083 aliud
721 3012 848 3085 volunt
859 3012 931 3083 nisi
947 3020 986 3083 ut
999 3011 1045 3083 ad
1059 3011 1098 3083 id
1110 3033 1242 3083 nomen

235 3146 291 3217 cui
307 3146 541 3241 adjiciuntur,
564 3146 643 3240 ejus
663 3146 777 3230 verbi,
799 3169 821 3217 a
848 3169 918 3239 quo
933 3144 1030 3218 facta
1045 3153 1143 3231 sunt,
1172 3169 1242 3218 no-

234 3280 383 3364 tionem,
412 3279 532 3372 aliquo
566 3279 669 3351 modo
697 3278 922 3352 referendam
957 3303 1037 3352 esse
1065 3280 1239 3351 indicent.

235 3413 402 3497 Ovidius,
423 3413 613 3508 adjectivis
633 3414 811 3508 ejusmodi
832 3414 1019 3498 adhibitis,
1040 3437 1111 3486 uno
1132 3436 1243 3486 voca-

235 3548 320 3620 bulo
339 3547 377 3618 id
395 3544 596 3642 exprimere
611 3547 725 3618 voluit
740 3547 836 3641 quod
868 3546 983 3619 multa
1012 3546 1244 3620 desiderabat

235 3680 332 3776 apud
351 3678 525 3752 classicos
540 3688 721 3765 auctores
741 3682 861 3752 minus
872 3679 1166 3774 philosopherum
1188 3703 1242 3751 re·

236 3837 317 3884 rum
350 3813 533 3885 studiosos
554 3836 660 3906 quam
681 3814 807 3886 Cicero
839 3815 1041 3886 exstiterat.
1074 3815 1242 3885 Ceterum

237 3947 418 4041 adjectiva
438 3946 502 4018 illa
514 3945 698 4041 plerisque
721 3949 836 4042 poetis
860 3948 1062 4041 aequalibus
1092 3946 1244 4042 placue-

238 4090 336 4153 runt.
369 4079 555 4152 Licentius
586 4089 708 4153 autern
723 4106 764 4153 eo
785 4105 917 4175 genere
938 4083 1097 4158 exsultat
1125 4104 1242 4153 sermo

239 4215 442 4287 avidianus.
461 4215 550 4292 Quae
580 4215 738 4308 quidem,
754 4215 906 4288 everbis
922 4217 1102 4310 praecique
1117 4216 1243 4312 primae

241 4347 509 4443 conjugationis
530 4355 622 4429 orta,
645 4372 689 4420 ex
708 4350 899 4444 praesentis
914 4350 1099 4422 indicativi
1122 4348 1244 4421 radice
