3620 5842
644 921 808 990 ..81-

323 1097 435 1173 Surge,
458 1114 528 1172 age,
548 1095 588 1152 da
611 1095 755 1154 lacrimas
771 1095 977 1172 lugubriaque
990 1094 1093 1166 indua,
1111 1113 1165 1153 uec
1180 1111 1229 1152 me

320 1196 332 1220 ¹
348 1195 597 1268 Indeploratum
614 1193 671 1250 sub
686 1193 794 1252 inania
807 1193 944 1253 Tartara
964 1195 1063 1252 mitte.
1081 1192 1138 1268 XI,
1156 1193 1225 1253 670.

269 1416 324 1488 Cf.
344 1416 453 1488 'l'rist
478 1417 546 1496 111,
564 1417 600 1498 3,
628 1435 675 1487 uu.
709 1417 755 1488 cl'.
785 1418 1051 1500 *intrimululua
1068 1415 1151 1510 Epl.
1176 1416 1225 1492 11,

222 1549 302 1622 136.

274 1707 279 1717 i
319 1745 444 1822 Sopitus
460 1747 545 1804 venis
560 1750 592 1806 et
606 1745 619 1772 *
632 1747 883 1822 incoeperrrelus.
901 1747 970 1818 xii,
987 1745 1056 1805 317.

268 1973 432 2066 Denique
448 1975 484 2045 in
507 1933 572 2045 boc
588 1975 752 2070 exemplo
775 1998 783 2047 :

800 2219 1021 2278 Removebitur
1037 2237 1125 2276 omne

319 2319 477 2394 Tegminis
488 2317 622 2378 officium
631 2336 638 2377 ε
647 2322 750 2378 tamen
763 2319 975 2376 indestrictus
982 2317 1084 2388 abibo,
1096 2315 1223 2387 xl1‚9·2‚

268 2606 515 2700 Cogitationes
529 2609 624 2678 inter
638 2631 676 2678 se
693 2615 869 2701 pugnant.

269 2741 309 2809 ln
345 2741 420 2810 illis
463 2739 663 2811 formandis
702 2741 891 2834 adjectivis
930 2739 1137 2809 verbalibus
1182 2763 1226 2810 ex

218 2875 398 2964 particula
449 2875 624 2964 negativa
676 2875 711 2942 la
756 2882 792 2943 et
834 2872 1023 2965 participio
1050 2870 1226 2964 'perfecto

218 3008 439 3100 compositis,
468 3032 547 3098 quae
575 3008 718 3099 quidem
746 3007 791 3076 ad
819 3006 944 3098 poesin
968 3005 1107 3097 aptiora
1143 3014 1227 3075 sunt

219 3163 325 3230 {piram
361 3143 407 3211 ad
437 3165 580 3235 prosam
619 3141 831 3222 orationem,
864 3147 904 3209 ut
938 3137 1043 3208 l’acile
1077 3148 1227 3232 apparet

218 3299 262 3344 ex
286 3274 409 3346 multis
431 3275 641 3368 vergilianis
666 3273 841 3368 exemplis
862 3295 942 3364 quae
970 3295 1081 3364 supra
1104 3271 1224 3352 attuli,

219 3407 368 3478 Ovidius
413 3409 554 3502 parcior
601 3409 769 3502 opinione
831 3405 983 3477 exstitit.
1037 3403 1226 3496 Vergilius

218 3549 355 3624 contra,
379 3542 439 3633 qui
465 3551 591 3612 cerutus
618 3542 655 3610 in
681 3540 845 3612 serendis
870 3539 992 3609 verbis
1017 3561 1097 3608 esse
1120 3537 1224 3618 solet,

217 3675 406 3746 abundans
433 3675 513 3745 fuit.
542 3675 705 3744 Primum
727 3673 871 3766 quidem
901 3679 1016 3766 poetae
1037 3671 1226 3764 adjectivis

219 3808 291 3878 illis
317 3808 525 3879 verbalibus
547 3809 603 3878 usi
634 3816 734 3890 sunt,
760 3807 960 3899 Vergilius,
986 3803 1161 3874 Horatius
1191 3821 1227 3875 et

219 3941 383 4026 Ovidius,
402 3951 441 4011 ut
463 3942 656 4034 magistros
668 3941 867 4017 nominem:
890 3939 1021 4008 deinde
1038 3939 1163 4008 eadem
1188 3939 1226 4007 in

217 4099 360 4170 prosam
387 4077 600 4158 orationem,
632 4084 780 4145 auctore
813 4073 963 4156 Seneca,
999 4073 1223 4164 irruperunt.

217 4209 326 4279 Brevi
355 4216 490 4292 autem,
521 4209 727 4305 praesertim
761 4214 869 4278 aetate
898 4206 1113 4300 posteriore,
1148 4204 1225 4275 sine

217 4341 291 4413 ullo
311 4342 532 4427 discrimine,
551 4365 785 4435 quaecumque
812 4349 916 4428 erant
931 4337 1092 4433 perfecta
1108 4338 1226 4431 parti-
