<?xml version="1.0" encoding="UTF-8"?>
<!DOCTYPE html PUBLIC "-//W3C//DTD XHTML 1.0 Transitional//EN"
    "http://www.w3.org/TR/xhtml1/DTD/xhtml1-transitional.dtd">
<html xmlns="http://www.w3.org/1999/xhtml" xml:lang="en" lang="en">
 <head>
  <title>
</title>
<meta http-equiv="Content-Type" content="text/html;charset=utf-8" />
  <meta name='ocr-system' content='tesseract 3.04.00' />
  <meta name='ocr-capabilities' content='ocr_page ocr_carea ocr_par ocr_line ocrx_word'/>
</head>
<body>
  <div class='ocr_page' id='page_1' title='image "./deovidionovator00favrgoog_0098.png"; bbox 0 0 3620 5842; ppageno 0'>
   <div class='ocr_carea' id='block_1_1' title="bbox 619 931 799 998">
    <p class='ocr_par' dir='ltr' id='par_1_1' title="bbox 619 931 799 998">
     <span class='ocr_line' id='line_1_1' title="bbox 619 931 799 998; baseline 0.017 -18"><span class='ocrx_word' id='word_1_1' title='bbox 619 931 799 998; x_wconf 80' lang='grc'><strong>...85-</strong></span> 
     </span>
    </p>
   </div>
   <div class='ocr_carea' id='block_1_2' title="bbox 203 1095 1216 1286">
    <p class='ocr_par' dir='ltr' id='par_1_2' title="bbox 203 1095 1216 1286">
     <span class='ocr_line' id='line_1_2' title="bbox 203 1095 1216 1181; baseline 0.008 -27"><span class='ocrx_word' id='word_1_2' title='bbox 203 1095 387 1160; x_wconf 78' lang='lat' dir='ltr'><strong>Munnlsus.</strong></span> <span class='ocrx_word' id='word_1_3' title='bbox 402 1097 646 1176; x_wconf 78' lang='lat' dir='ltr'><strong>Melliserarum</strong></span> <span class='ocrx_word' id='word_1_4' title='bbox 660 1101 673 1132; x_wconf 77' lang='lat'><strong>*</strong></span> <span class='ocrx_word' id='word_1_5' title='bbox 688 1102 802 1180; x_wconf 78' lang='lat' dir='ltr'><strong>apium,</strong></span> <span class='ocrx_word' id='word_1_6' title='bbox 830 1101 896 1162; x_wconf 89' lang='lat' dir='ltr'><strong>sine</strong></span> <span class='ocrx_word' id='word_1_7' title='bbox 920 1101 1065 1164; x_wconf 80' lang='lat' dir='ltr'>membris</span> <span class='ocrx_word' id='word_1_8' title='bbox 1087 1119 1216 1181; x_wconf 76' lang='lat' dir='ltr'><strong>corpore</strong></span> 
     </span>
     <span class='ocr_line' id='line_1_3' title="bbox 365 1215 634 1286; baseline 0.011 -13"><span class='ocrx_word' id='word_1_9' title='bbox 365 1215 461 1274; x_wconf 76' lang='lat' dir='ltr'><strong>nasei.</strong></span> <span class='ocrx_word' id='word_1_10' title='bbox 478 1216 550 1286; x_wconf 89' lang='lat' dir='ltr'><strong>XV,</strong></span> <span class='ocrx_word' id='word_1_11' title='bbox 565 1215 634 1278; x_wconf 88' lang='grc'><strong>383.</strong></span> 
     </span>
    </p>
   </div>
   <div class='ocr_carea' id='block_1_3' title="bbox 256 1415 895 1517">
    <p class='ocr_par' dir='ltr' id='par_1_3' title="bbox 256 1415 895 1517">
     <span class='ocr_line' id='line_1_4' title="bbox 256 1415 895 1517; baseline 0.013 -29"><span class='ocrx_word' id='word_1_12' title='bbox 256 1415 311 1489; x_wconf 85' lang='lat' dir='ltr'><strong>cf.</strong></span> <span class='ocrx_word' id='word_1_13' title='bbox 328 1418 459 1492; x_wconf 84' lang='lat' dir='ltr'><strong>Claud.</strong></span> <span class='ocrx_word' id='word_1_14' title='bbox 474 1419 588 1517; x_wconf 83' lang='lat' dir='ltr'><strong>Rapt.</strong></span> <span class='ocrx_word' id='word_1_15' title='bbox 606 1421 714 1494; x_wconf 86' lang='lat' dir='ltr'><strong>Pros.</strong></span> <span class='ocrx_word' id='word_1_16' title='bbox 738 1422 788 1508; x_wconf 91' lang='grc' dir='ltr'><strong>ΙΙ,</strong></span> <span class='ocrx_word' id='word_1_17' title='bbox 813 1423 895 1497; x_wconf 74' lang='lat'>127.</span> 
     </span>
    </p>
   </div>
   <div class='ocr_carea' id='block_1_4' title="bbox 205 1625 1216 1724">
    <p class='ocr_par' dir='ltr' id='par_1_4' title="bbox 205 1625 1216 1724">
     <span class='ocr_line' id='line_1_5' title="bbox 205 1625 1216 1724; baseline 0.01 -26"><span class='ocrx_word' id='word_1_18' title='bbox 205 1637 362 1702; x_wconf 71' lang='lat' dir='ltr'><strong>annns.</strong></span> <span class='ocrx_word' id='word_1_19' title='bbox 379 1644 543 1722; x_wconf 82' lang='lat' dir='ltr'><strong>Aeniaeque</strong></span> <span class='ocrx_word' id='word_1_20' title='bbox 558 1644 654 1720; x_wconf 80' lang='lat' dir='ltr'><strong>Alpes</strong></span> <span class='ocrx_word' id='word_1_21' title='bbox 669 1625 860 1722; x_wconf 42' lang='lat' dir='ltr'><strong>et&#39;uudiser,</strong></span> <span class='ocrx_word' id='word_1_22' title='bbox 874 1646 1069 1724; x_wconf 74' lang='lat' dir='ltr'><strong>Apenninus,</strong></span> <span class='ocrx_word' id='word_1_23' title='bbox 1086 1646 1126 1720; x_wconf 92' lang='grc' dir='ltr'><strong>Π,</strong></span> <span class='ocrx_word' id='word_1_24' title='bbox 1144 1646 1216 1709; x_wconf 84' lang='grc'><strong>226.</strong></span> 
     </span>
    </p>
   </div>
   <div class='ocr_carea' id='block_1_5' title="bbox 209 1887 1218 2117">
    <p class='ocr_par' dir='ltr' id='par_1_5' title="bbox 209 1887 1218 2117">
     <span class='ocr_line' id='line_1_6' title="bbox 256 1887 1218 1984; baseline 0.007 -28"><span class='ocrx_word' id='word_1_25' title='bbox 256 1887 422 1979; x_wconf 60' lang='lat' dir='ltr'><strong>Numer,</strong></span> <span class='ocrx_word' id='word_1_26' title='bbox 439 1920 485 1953; x_wconf 70' lang='grc' dir='ltr'>ε</span> <span class='ocrx_word' id='word_1_27' title='bbox 502 1890 563 1984; x_wconf 91' lang='lat' dir='ltr'><strong>qui</strong></span> <span class='ocrx_word' id='word_1_28' title='bbox 594 1891 710 1964; x_wconf 88' lang='lat' dir='ltr'><strong>nubes</strong></span> <span class='ocrx_word' id='word_1_29' title='bbox 737 1887 821 1974; x_wconf 86' lang='lat' dir='ltr'><strong>fert,</strong></span> <span class='ocrx_word' id='word_1_30' title='bbox 854 1889 891 1962; x_wconf 92' lang='lat' dir='ltr'><strong>id</strong></span> <span class='ocrx_word' id='word_1_31' title='bbox 921 1897 978 1964; x_wconf 84' lang='lat' dir='ltr'><strong>est</strong></span> <span class='ocrx_word' id='word_1_32' title='bbox 1004 1891 1065 1984; x_wconf 91' lang='lat' dir='ltr'><strong>qui</strong></span> <span class='ocrx_word' id='word_1_33' title='bbox 1084 1892 1218 1963; x_wconf 70' lang='lat' dir='ltr'><strong>vertice</strong></span> 
     </span>
     <span class='ocr_line' id='line_1_7' title="bbox 209 2022 550 2117; baseline 0.012 -25"><span class='ocrx_word' id='word_1_34' title='bbox 209 2042 274 2092; x_wconf 89' lang='lat' dir='ltr'><strong>suo</strong></span> <span class='ocrx_word' id='word_1_35' title='bbox 289 2022 405 2094; x_wconf 90' lang='lat' dir='ltr'><strong>nubes</strong></span> <span class='ocrx_word' id='word_1_36' title='bbox 418 2024 550 2117; x_wconf 82' lang='lat' dir='ltr'><strong>tangit.</strong></span> 
     </span>
    </p>
   </div>
   <div class='ocr_carea' id='block_1_6' title="bbox 210 2253 1220 2431">
    <p class='ocr_par' dir='ltr' id='par_1_6' title="bbox 210 2253 1220 2431">
     <span class='ocr_line' id='line_1_8' title="bbox 210 2253 1220 2336; baseline 0.003 -24"><span class='ocrx_word' id='word_1_37' title='bbox 210 2253 346 2316; x_wconf 71' lang='lat' dir='ltr'><strong>onnus.</strong></span> <span class='ocrx_word' id='word_1_38' title='bbox 368 2254 532 2316; x_wconf 74' lang='lat' dir='ltr'><strong>Inventum</strong></span> <span class='ocrx_word' id='word_1_39' title='bbox 559 2256 715 2315; x_wconf 80' lang='lat' dir='ltr'><strong>medicina</strong></span> <span class='ocrx_word' id='word_1_40' title='bbox 740 2273 841 2316; x_wconf 87' lang='lat' dir='ltr'><strong>meum</strong></span> <span class='ocrx_word' id='word_1_41' title='bbox 869 2259 929 2328; x_wconf 81' lang='lat' dir='ltr'><strong>est,</strong></span> <span class='ocrx_word' id='word_1_42' title='bbox 961 2256 1136 2336; x_wconf 80' lang='lat' dir='ltr'><strong>Opiferque</strong></span> <span class='ocrx_word' id='word_1_43' title='bbox 1163 2273 1220 2334; x_wconf 78' lang='lat' dir='ltr'><strong>per</strong></span> 
     </span>
     <span class='ocr_line' id='line_1_9' title="bbox 370 2370 476 2431; baseline 0.019 -3"><span class='ocrx_word' id='word_1_44' title='bbox 370 2370 476 2431; x_wconf 79' lang='lat' dir='ltr'><strong>orbem</strong></span> 
     </span>
    </p>
   </div>
   <div class='ocr_carea' id='block_1_7' title="bbox 369 2521 613 2595">
    <p class='ocr_par' dir='ltr' id='par_1_7' title="bbox 369 2521 613 2595">
     <span class='ocr_line' id='line_1_10' title="bbox 369 2521 613 2595; baseline 0.016 -15"><span class='ocrx_word' id='word_1_45' title='bbox 369 2521 474 2594; x_wconf 81' lang='lat' dir='ltr'><strong>Dicor,</strong></span> <span class='ocrx_word' id='word_1_46' title='bbox 492 2521 516 2592; x_wconf 88' lang='grc' dir='ltr'><strong>Ι,</strong></span> <span class='ocrx_word' id='word_1_47' title='bbox 533 2523 613 2595; x_wconf 84' lang='grc'><strong>521;</strong></span> 
     </span>
    </p>
   </div>
   <div class='ocr_carea' id='block_1_8' title="bbox 208 2723 1220 3066">
    <p class='ocr_par' dir='ltr' id='par_1_8' title="bbox 208 2723 1220 3066">
     <span class='ocr_line' id='line_1_11' title="bbox 258 2723 1143 2814; baseline -0.001 -17"><span class='ocrx_word' id='word_1_48' title='bbox 258 2726 340 2799; x_wconf 89' lang='lat' dir='ltr'><strong>vide</strong></span> <span class='ocrx_word' id='word_1_49' title='bbox 355 2727 479 2814; x_wconf 77' lang='lat' dir='ltr'><strong>etiam,</strong></span> <span class='ocrx_word' id='word_1_50' title='bbox 495 2726 580 2812; x_wconf 87' lang='lat' dir='ltr'><strong>XV,</strong></span> <span class='ocrx_word' id='word_1_51' title='bbox 602 2724 675 2800; x_wconf 82' lang='lat'><strong>653</strong></span> <span class='ocrx_word' id='word_1_52' title='bbox 694 2769 742 2780; x_wconf 96' lang='lat'>-</span> <span class='ocrx_word' id='word_1_53' title='bbox 756 2725 804 2798; x_wconf 82' lang='lat' dir='ltr'><strong>cf.</strong></span> <span class='ocrx_word' id='word_1_54' title='bbox 823 2726 922 2811; x_wconf 89' lang='lat' dir='ltr'><strong>PIin,</strong></span> <span class='ocrx_word' id='word_1_55' title='bbox 942 2723 1046 2810; x_wconf 86' lang='lat' dir='ltr'>XVI,</span> <span class='ocrx_word' id='word_1_56' title='bbox 1068 2726 1117 2798; x_wconf 87' lang='grc'><strong>64</strong></span> <span class='ocrx_word' id='word_1_57' title='bbox 1133 2750 1143 2811; x_wconf 93' lang='grc'><strong>;</strong></span> 
     </span>
     <span class='ocr_line' id='line_1_12' title="bbox 256 2859 1220 2956; baseline -0.002 -24"><span class='ocrx_word' id='word_1_58' title='bbox 256 2883 321 2956; x_wconf 88' lang='lat' dir='ltr'><strong>pro</strong></span> <span class='ocrx_word' id='word_1_59' title='bbox 342 2861 569 2934; x_wconf 81' lang='lat' dir='ltr'><strong>substantivo</strong></span> <span class='ocrx_word' id='word_1_60' title='bbox 579 2861 725 2934; x_wconf 84' lang='lat' dir='ltr'><strong>nomine</strong></span> <span class='ocrx_word' id='word_1_61' title='bbox 737 2860 922 2934; x_wconf 79' lang='lat' dir='ltr'><strong>habitum:</strong></span> <span class='ocrx_word' id='word_1_62' title='bbox 942 2859 1063 2954; x_wconf 78' lang='lat' dir='ltr'><strong>Opiser</strong></span> <span class='ocrx_word' id='word_1_63' title='bbox 1077 2890 1124 2924; x_wconf 92' lang='lat'><strong><em>=</em></strong></span> <span class='ocrx_word' id='word_1_64' title='bbox 1138 2882 1220 2932; x_wconf 90' lang='lat' dir='ltr'><strong>ser-</strong></span> 
     </span>
     <span class='ocr_line' id='line_1_13' title="bbox 208 3000 327 3066; baseline 0.025 -4"><span class='ocrx_word' id='word_1_65' title='bbox 208 3000 327 3066; x_wconf 80' lang='lat' dir='ltr'><strong>vator.</strong></span> 
     </span>
    </p>
   </div>
   <div class='ocr_carea' id='block_1_9' title="bbox 209 3193 1220 3387">
    <p class='ocr_par' dir='ltr' id='par_1_9' title="bbox 209 3193 1220 3387">
     <span class='ocr_line' id='line_1_14' title="bbox 209 3193 1220 3277; baseline 0 -19"><span class='ocrx_word' id='word_1_66' title='bbox 209 3195 406 3261; x_wconf 75' lang='lat' dir='ltr'><strong>Pmnnunu.</strong></span> <span class='ocrx_word' id='word_1_67' title='bbox 422 3199 547 3277; x_wconf 78' lang='lat' dir='ltr'><strong>Perque</strong></span> <span class='ocrx_word' id='word_1_68' title='bbox 566 3197 787 3276; x_wconf 76' lang='lat' dir='ltr'><strong>papyriferi*</strong></span> <span class='ocrx_word' id='word_1_69' title='bbox 802 3198 987 3277; x_wconf 75' lang='lat' dir='ltr'><strong>septemflua</strong></span> <span class='ocrx_word' id='word_1_70' title='bbox 1001 3197 1129 3260; x_wconf 79' lang='lat' dir='ltr'><strong>fiumina</strong></span> <span class='ocrx_word' id='word_1_71' title='bbox 1142 3193 1220 3268; x_wconf 83' lang='lat' dir='ltr'><strong>Nili,</strong></span> 
     </span>
     <span class='ocr_line' id='line_1_15' title="bbox 370 3314 547 3387; baseline -0.006 -12"><span class='ocrx_word' id='word_1_72' title='bbox 370 3315 441 3387; x_wconf 87' lang='lat' dir='ltr'><strong>XV,</strong></span> <span class='ocrx_word' id='word_1_73' title='bbox 460 3314 547 3386; x_wconf 77' lang='lat'><strong>7533</strong></span> 
     </span>
    </p>
   </div>
   <div class='ocr_carea' id='block_1_10' title="bbox 262 3536 692 3624">
    <p class='ocr_par' dir='ltr' id='par_1_10' title="bbox 262 3536 692 3624">
     <span class='ocr_line' id='line_1_16' title="bbox 262 3536 692 3624; baseline 0.002 -14"><span class='ocrx_word' id='word_1_74' title='bbox 262 3536 319 3612; x_wconf 76' lang='lat' dir='ltr'><strong>uf.</strong></span> <span class='ocrx_word' id='word_1_75' title='bbox 340 3538 453 3610; x_wconf 81' lang='lat' dir='ltr'><strong>Trist.</strong></span> <span class='ocrx_word' id='word_1_76' title='bbox 470 3538 541 3624; x_wconf 93' lang='grc' dir='ltr'><strong>ΙΙΙ,</strong></span> <span class='ocrx_word' id='word_1_77' title='bbox 567 3539 626 3624; x_wconf 88' lang='grc' dir='ltr'><strong>ΙΟ,</strong></span> <span class='ocrx_word' id='word_1_78' title='bbox 642 3555 692 3611; x_wconf 81' lang='lat'><strong>27.</strong></span> 
     </span>
    </p>
   </div>
   <div class='ocr_carea' id='block_1_11' title="bbox 212 3757 1219 3950">
    <p class='ocr_par' dir='ltr' id='par_1_11' title="bbox 212 3757 1219 3950">
     <span class='ocr_line' id='line_1_17' title="bbox 212 3757 1219 3842; baseline -0.003 -21"><span class='ocrx_word' id='word_1_79' title='bbox 212 3757 408 3822; x_wconf 72' lang='lat' dir='ltr'><strong>Ponuunms.</strong></span> <span class='ocrx_word' id='word_1_80' title='bbox 420 3761 597 3842; x_wconf 75' lang='lat' dir='ltr'><strong>Populiser</strong></span> <span class='ocrx_word' id='word_1_81' title='bbox 610 3761 625 3790; x_wconf 57' lang='grc' dir='ltr'><strong>Ι</strong></span> <span class='ocrx_word' id='word_1_82' title='bbox 639 3758 804 3838; x_wconf 77' lang='lat' dir='ltr'><strong>Sperchios</strong></span> <span class='ocrx_word' id='word_1_83' title='bbox 819 3763 851 3820; x_wconf 73' lang='lat' dir='ltr'><strong>et</strong></span> <span class='ocrx_word' id='word_1_84' title='bbox 866 3760 1056 3837; x_wconf 73' lang='lat' dir='ltr'><strong>irrequietus</strong></span> <span class='ocrx_word' id='word_1_85' title='bbox 1070 3759 1219 3837; x_wconf 79' lang='lat' dir='ltr'><strong>Enipeus,</strong></span> 
     </span>
     <span class='ocr_line' id='line_1_18' title="bbox 372 3871 1050 3950; baseline 0.006 -15"><span class='ocrx_word' id='word_1_86' title='bbox 372 3877 397 3950; x_wconf 88' lang='lat'><strong>1,</strong></span> <span class='ocrx_word' id='word_1_87' title='bbox 411 3877 481 3940; x_wconf 77' lang='lat'>579.</span> <span class='ocrx_word' id='word_1_88' title='bbox 1047 3871 1050 3880; x_wconf 77' lang='grc'><em>’</em></span> 
     </span>
    </p>
   </div>
   <div class='ocr_carea' id='block_1_12' title="bbox 212 4063 1215 4252">
    <p class='ocr_par' dir='ltr' id='par_1_12' title="bbox 212 4063 1215 4252">
     <span class='ocr_line' id='line_1_19' title="bbox 212 4063 1215 4142; baseline 0 -20"><span class='ocrx_word' id='word_1_89' title='bbox 212 4063 414 4125; x_wconf 72' lang='lat' dir='ltr'><strong>Ruenumnn.</strong></span> <span class='ocrx_word' id='word_1_90' title='bbox 431 4065 525 4126; x_wconf 82' lang='lat' dir='ltr'>Victa</span> <span class='ocrx_word' id='word_1_91' title='bbox 539 4066 732 4142; x_wconf 77' lang='lat' dir='ltr'><strong>racemifero</strong></span> <span class='ocrx_word' id='word_1_92' title='bbox 752 4063 861 4141; x_wconf 83' lang='lat' dir='ltr'><strong>lyncas</strong></span> <span class='ocrx_word' id='word_1_93' title='bbox 877 4064 964 4124; x_wconf 83' lang='lat' dir='ltr'><strong>dedit</strong></span> <span class='ocrx_word' id='word_1_94' title='bbox 978 4063 1067 4122; x_wconf 82' lang='lat' dir='ltr'><strong>India</strong></span> <span class='ocrx_word' id='word_1_95' title='bbox 1081 4063 1215 4122; x_wconf 82' lang='lat' dir='ltr'>Baccho.</span> 
     </span>
     <span class='ocr_line' id='line_1_20' title="bbox 372 4181 527 4252; baseline 0 -12"><span class='ocrx_word' id='word_1_96' title='bbox 372 4181 443 4252; x_wconf 85' lang='lat' dir='ltr'><strong>XV,</strong></span> <span class='ocrx_word' id='word_1_97' title='bbox 457 4181 527 4240; x_wconf 83' lang='grc'><strong>413.</strong></span> 
     </span>
    </p>
   </div>
   <div class='ocr_carea' id='block_1_13' title="bbox 263 4382 514 4471">
    <p class='ocr_par' dir='ltr' id='par_1_13' title="bbox 263 4382 514 4471">
     <span class='ocr_line' id='line_1_21' title="bbox 263 4382 514 4471; baseline -0.012 -13"><span class='ocrx_word' id='word_1_98' title='bbox 263 4382 318 4458; x_wconf 78' lang='lat' dir='ltr'><strong>Of.</strong></span> <span class='ocrx_word' id='word_1_99' title='bbox 337 4385 408 4471; x_wconf 91' lang='grc' dir='ltr'><strong>ΙΙΙ,</strong></span> <span class='ocrx_word' id='word_1_100' title='bbox 428 4386 514 4458; x_wconf 88' lang='grc'><strong>666.</strong></span> 
     </span>
    </p>
   </div>
   <div class='ocr_carea' id='block_1_14' title="bbox 0 0 1814 5842">
    <p class='ocr_par' dir='ltr' id='par_1_14' title="bbox 0 0 1814 5842">
     <span class='ocr_line' id='line_1_22' title="bbox 0 0 1814 5842; baseline 0 0"><span class='ocrx_word' id='word_1_101' title='bbox 0 0 1814 5842; x_wconf 95' lang='lat' dir='ltr'><strong> </strong></span> 
     </span>
    </p>
   </div>
  </div>
 </body>
</html>
