3630 5842
689 829 840 900 ..5-

255 1019 337 1068 men
354 1017 459 1090 spero
473 1017 529 1066 me
546 1017 618 1066 non
633 991 742 1066 nimis
763 993 1010 1090 imprudenter
1025 995 1162 1096 (verbis
1174 1000 1271 1073 absit

257 1126 541 1224 superbia!)rem
554 1149 662 1221 quam
673 1147 875 1222 aggressus
890 1153 969 1202 sum
976 1139 1264 1226 perspecturum.

306 1261 499 1334 Neminem
526 1259 623 1355 fugit
665 1281 772 1355 quam
811 1285 949 1335 severae
980 1263 1077 1337 omni
1108 1272 1269 1362 tempore

256 1393 394 1468 fuerint
418 1417 546 1468 versus
574 1393 679 1466 heroi
702 1394 819 1489 leges.
852 1396 980 1490 Itaque
1004 1398 1121 1492 poetis
1143 1398 1269 1472 latinis

258 1552 401 1624 semper
433 1535 471 1602 et
506 1527 635 1600 merito
675 1554 693 1596 <r
727 1551 821 1601 nova
853 1551 975 1603 rerum
1003 1532 1150 1604 nomina
1183 1556 1272 1628 pro-

256 1661 353 1737 ferre
366 1689 401 1747 u,
423 1669 464 1734 ut
477 1661 530 1735 ait
548 1661 739 1747 Horatius,
765 1671 875 1757 atque
899 1663 951 1737 ita
980 1688 1183 1739 sermonem
1201 1690 1272 1762 pa-

257 1797 368 1871 trium
391 1796 509 1869 ditare
549 1794 667 1868 licuit.
699 1795 916 1870 Praesertim
949 1796 1143 1892 Augustea
1161 1808 1271 1875 aetate

258 1929 413 2004 facultas
426 1929 491 2001 illa
504 1928 622 2025 poetis
635 1928 739 2025 large
755 1953 929 2004 concessa
948 1939 1017 2005 est.
1044 1932 1145 2006 Tunc
1173 1934 1269 2007 enim

259 2075 323 2140 aut
336 2064 457 2161 poesis
472 2063 842 2159 generaaveteribus
867 2074 1016 2162 accepta
1035 2068 1272 2143 excoluerunt

258 2208 323 2274 aut
341 2198 486 2272 omnino
507 2220 602 2270 nova
632 2195 791 2293 primum
814 2205 1076 2275 tractaverunt.
1109 2201 1272 2276 Necesse

259 2335 374 2431 igitur
388 2339 481 2417 erat,
499 2353 610 2426 quum
631 2354 691 2404 res
711 2331 831 2404 minus
844 2332 1022 2428 'vulgares
1038 2333 1192 2408 docendi
1215 2358 1272 2408 es·

261 2475 344 2543 sent
357 2465 529 2552 Romani,
545 2465 664 2562 poetis
679 2465 1117 2541 vocabulorumnovorum
1131 2469 1271 2560 lingen-

261 2604 387 2677 dorum
398 2601 460 2697 jus
473 2600 709 2674 tribueretur.
742 2599 929 2674 Praeterea
945 2608 1106 2696 tempore
1121 2602 1185 2675 illo
1202 2625 1272 2697 quo

260 2735 437 2810 Romanis
448 2759 530 2808 cum
543 2733 683 2807 Graecis
698 2733 904 2807 litterarum
919 2735 1174 2809 commercium
1194 2747 1273 2811 erat

261 2879 299 2946 et
327 2869 490 2968 plerique
519 2867 662 2942 nobiles
688 2867 822 2940 litteris
844 2868 974 2941 imbuti
997 2889 1155 2960 graecam
1195 2871 1293 2968 lin-¹

261 3027 371 3102 guam
398 3003 629 3086 exercebant,
655 3002 844 3096 oportebat
869 3009 1000 3096 poetae,
1025 3026 1115 3097 quos
1136 3028 1160 3078 a
1187 3029 1273 3079 vero

261 3138 360 3212 fonte
378 3137 602 3234 poeticarum
625 3135 812 3208 fictionum
828 3135 977 3209 haurire
992 3137 1158 3232 juvabat,
1191 3164 1273 3213 sese

263 3271 361 3346 omni
393 3271 603 3342 Graecorum
639 3267 805 3341 doctrina
832 3275 869 3341 et
895 3268 1124 3344 humanitate
1153 3270 1273 3346 infor-

262 3411 405 3478 marent
434 3405 587 3498 ideoque
620 3402 659 3475 in
686 3425 888 3476 sermonem
923 3427 1029 3476 suum
1052 3405 1168 3478 multa
1191 3429 1273 3501 quae

263 3562 423 3634 graecum
438 3544 608 3634 saperent
619 3535 793 3609 inducere
803 3560 944 3609 summa
956 3561 1022 3632 ope
1033 3537 1271 3614 niterentur¹.

264 3673 353 3753 Quae
382 3672 493 3768 ¹prius
528 3669 723 3743 suffecerat
745 3670 1004 3744 vocabulorum
1039 3672 1179 3768 copiam
1205 3698 1275 3748 no-

302 3974 327 4032 1.
344 3971 387 4031 cf.
403 3969 586 4038 Fenelouem,
603 3969 722 4025 Lsrrnrc
736 3986 754 4024 n
766 3969 955 4037 n'Acsuimn
971 3971 1069 4044 Prcjet
1080 3970 1235 4029 ‹t’cnriclu'r
1246 3972 1276 4029 tu

264 4052 368 4124 tcaput
384 4066 391 4106 ε
408 4073 459 4111 «;··
480 4051 536 4106 Les
551 4051 660 4121 Latius,
679 4049 803 4122 quoique
827 4051 921 4106 moins
935 4051 1022 4106 libres
1036 4065 1074 4108 en
1088 4068 1119 4107 ce
1135 4067 1222 4122 genre
1237 4051 1278 4123 (la

263 4131 454 4204 composition
465 4132 515 4186 des
526 4132 623 4201 mols),
632 4131 746 4186 avaient
757 4147 796 4184 un
814 4147 869 4202 peu
880 4130 961 4185 imite
980 4130 1022 4186 les
1038 4132 1134 4198 Graes,
1146 4132 1277 4205 Lanifica

264 4211 444 4275 Matcsuods
461 4211 597 4283 Porcifer,
613 4217 664 4270 etc.
682 4210 762 4266 Getta
784 4211 975 4282 composition
998 4211 1136 4270 servaiti
1158 4211 1278 4283 abreger

264 4298 293 4348 et
308 4290 325 4346 rt
339 4291 461 4348 faciliter
474 4291 504 4346 la
519 4291 722 4363 maguifioeuce
737 4292 787 4347 des
807 4307 881 4346 vers.
898 4308 914 4345 s
1313 4299 1314 4304 ’
