3620 5842
1008 896 1204 964 -124-

601 1045 718 1126 darie,
756 1065 827 1136 quo
867 1049 1010 1114 utentes
1044 1066 1066 1112 a
1097 1043 1361 1114 consuetudine
1402 1037 1613 1108 deflectunt.

601 1176 793 1250 Cornelius
817 1175 941 1270 Nepos
975 1184 1040 1248 aut
1059 1177 1215 1254 Quintus
1252 1176 1397 1248 Curtius
1412 1179 1476 1244 aut
1495 1167 1612 1262 quivis

600 1310 694 1382 alius
714 1308 878 1404 ejusdem
902 1307 1040 1380 ordinis
1059 1310 1097 1381 in
1125 1333 1234 1406 prosa
1258 1310 1436 1390 oratione,
1454 1306 1492 1376 in
1511 1304 1612 1399 poesi

600 1451 721 1516 autem
742 1442 853 1516 Silius
874 1443 1025 1514 Italicus
1041 1451 1103 1516 aut
1119 1445 1258 1517 Statius
1273 1443 1364 1515 nihil
1387 1441 1524 1511 habent
1543 1460 1612 1530 quo

600 1573 797 1656 emineant,
816 1573 949 1667 quippe
964 1575 1025 1666 qui
1056 1575 1252 1664 magistros
1275 1572 1420 1645 dicendi
1440 1568 1613 1642 studeant

602 1706 753 1779 imitari.
776 1706 897 1784 Quare
915 1706 982 1778 hos
998 1707 1198 1782 secundum
1218 1708 1336 1780 locum
1358 1705 1523 1778 obtinere
1542 1723 1615 1772 me·

604 1842 674 1912 rito
691 1841 838 1912 dicitur.
863 1840 969 1913 Unde
992 1841 1033 1913 fit
1053 1844 1169 1936 utqui
1189 1865 1314 1916 eorum
1335 1863 1445 1936 opera
1468 1835 1614 1932 perspi-

603 1997 686 2048 cere
710 1974 807 2046 volet
830 1974 996 2068 legentes
1019 1977 1268 2050 tantummodo
1296 1976 1459 2048 detinere
1485 1970 1611 2066 possit,

604 2109 637 2182 si
656 2108 822 2181 docuerit
848 2110 1038 2202 quomodo
1058 2110 1281 2206 exemplaria
1296 2108 1497 2180 imitatione
1516 2125 1614 2176 asse-

604 2243 679 2316 outi
691 2244 776 2315 sint.
791 2243 941 2315 Ovidius
957 2254 1078 2318 autem
1093 2247 1140 2318 iis
1155 2245 1264 2339 longe
1280 2243 1444 2339 superior
1458 2237 1612 2312 exstitit.

606 2377 702 2455 Quin
722 2377 794 2448 imo
808 2401 917 2470 quum
933 2379 1059 2473 primae
1079 2388 1175 2452 notae
1190 2378 1306 2475 poetis
1320 2371 1615 2449 annumerandus

605 2533 688 2584 esse
714 2509 791 2584 fere
813 2535 957 2606 semper
987 2513 1087 2586 visus
1107 2515 1169 2598 sit,
1192 2514 1433 2607 quaestionum
1459 2531 1540 2603 quae
1568 2505 1616 2578 ad

605 2643 709 2716 illum
736 2646 921 2740 pertinent
938 2645 1041 2717 nulla
1071 2647 1217 2718 omnino
1236 2647 1357 2718 tennis
1377 2645 1449 2716 dioi
1482 2649 1613 2738 potest.

608 2778 736 2872 ltaque
764 2779 863 2851 haud
882 2781 1043 2875 ineptum
1068 2782 1156 2852 mihi
1180 2782 1298 2853 visum
1318 2790 1374 2852 est
1392 2801 1486 2850 nova
1503 2798 1615 2848 voca-

607 2912 694 2984 bula
709 2936 924 2985 enumerare
940 2938 1092 3007 quorum
1109 2917 1144 3008 in
1155 2916 1496 3009 Metamorphoseon
1511 2911 1614 2982 libris

606 3038 734 3141 parum
749 3070 880 3142 parcus
896 3046 966 3120 fuit
987 3073 996 3120 :
1015 3072 1095 3141 qnae
1116 3050 1259 3148 quidem
1273 3050 1320 3121 ad
1336 3056 1437 3121 certa
1449 3046 1614 3142 quaedam

607 3203 744 3273 genera
774 3203 943 3254 revocare
970 3183 1084 3276 potui.
1113 3155 1247 3277 Atque,
1273 3191 1313 3255 ut
1340 3205 1451 3278 supra
1478 3181 1614 3253 dictum

608 3321 677 3395 est,
709 3312 884 3408 pleraque
910 3339 1084 3389 novorum
1116 3317 1262 3390 illorum
1285 3317 1541 3390 vocabulorum
1570 3314 1615 3386 ad

607 3447 802 3520 decursum
823 3471 994 3520 versuum
1021 3450 1281 3556 dactylicorum
1305 3452 1493 3542 eleganter
1507 3449 1617 3543 adju-

607 3580 765 3654 vandum
783 3583 989 3676 excogitata
1008 3592 1045 3656 et
1064 3586 1247 3680 applicata
1264 3594 1361 3659 sunt.

658 3716 823 3799 Ovidius,
839 3716 949 3810 longo
960 3726 1042 3811 post
1056 3719 1247 3792 intervallo
1260 3745 1283 3792 a
1296 3717 1475 3810 Vergili0,
1491 3741 1617 3790 secun·

613 3849 681 3920 dus
693 3856 829 3933 tamen,
848 3850 994 3944 optimis
1014 3853 1155 3925 artibus
1169 3854 1348 3938 eruditus
1367 3853 1491 3926 subtili
1510 3851 1618 3946 inge-

608 3983 668 4054 nio
684 3990 721 4055 et
731 3992 836 4056 acuto
851 3984 1042 4079 praeditus,
1054 4010 1140 4081 epos
1153 3987 1308 4060 latinum
1328 3988 1439 4082 digne
1455 3985 1614 4080 scripsit.

609 4115 763 4210 Vergilii
773 4117 1115 4213 exemplo,fontibus
1133 4122 1278 4193 omnino
1286 4122 1412 4194 latinis
1423 4119 1614 4214 neglectio,

608 4273 631 4320 a
650 4273 771 4343 graeco
783 4251 931 4325 flumine
949 4254 1124 4347 quasdam
1141 4256 1379 4346 cogitationes
1395 4263 1432 4327 et
1450 4254 1616 4347 quaedam

609 4384 784 4455 vocabula
802 4385 937 4458 hausit.
960 4386 1167 4461 Orationem
1190 4390 1236 4461 ad
1254 4389 1381 4484 poesin
1400 4396 1520 4483 aptam
1539 4387 1619 4457 elea
