3620 5842
1045 919 1208 986 ,86-

614 1091 802 1148 Slnumrnn.
834 1090 981 1148 Luctibus
1002 1088 1150 1167 imposuit
1177 1089 1323 1164 venitque
1352 1092 1510 1168 salutifer·
1545 1095 1623 1168 urbi,

771 1205 840 1274 XV,
856 1205 933 1274 7443

662 1403 717 1480 Cf.
736 1407 785 1492 ΙΙ,
807 1407 905 1493 6423

659 1541 822 1632 salutifer
835 1540 895 1613 hic
916 1539 1111 1614 adhibetur
1129 1564 1194 1637 pro
1214 1541 1442 1617 substantivo
1461 1547 1619 1631 nomine,

613 1681 778 1769 utsupra
803 1676 928 1769 opifer.

662 1808 891 1897 Augustinus
904 1807 1042 1879 nomini
1058 1807 1287 1881 substantivo
1298 1810 1394 1880 eruci
1405 1810 1474 1884 hoc
1486 1812 1625 1907 epithe-

613 1947 689 2012 tum
703 1940 917 2033 salutiferae,
934 1940 1083 2037 adjecit.

613 2189 797 2233 sncnnmnn.
817 2173 1098 2250 Antimachumque
1120 2174 1326 2252 Elymumque
1352 2175 1628 2254 securiferumque

773 2287 959 2364 Pyracmon.
974 2289 1045 2361 XII,
1059 2289 1129 2350 460.

663 2420 717 2493 cf.
736 2445 847 2517 supra
862 2423 1072 2516 bipennifer.

612 2590 833 2634 uninnnumnn.
850 2574 961 2650 Regna
975 2592 1074 2652 vagae,
1093 2574 1171 2646 dixi,
1193 2575 1304 2634 sortite
1325 2571 1526 2651 Tridentifer
1538 2578 1628 2638 undae

772 2687 857 2760 VIII,
874 2688 946 2760 5963

664 2907 869 2998 Tridentiser
887 2937 934 2970 =
949 2901 1133 3000 Neptune.

612 3156 755 3201 unumne
787 3141 855 3202 Huc
883 3139 935 3200 nbi
957 3141 1128 3218 veliferam
1157 3143 1260 3201 neutae
1283 3141 1450 3201 advertere
1473 3141 1624 3203 carinam.

770 3256 839 3319 XV.
855 3257 926 3318 719.

611 3396 801 3440 verinumnn.
826 3377 957 3456 Jamque
982 3381 1168 3456 venenifero
1191 3380 1319 3457 sanguis
1347 3397 1477 3440 manare
1506 3380 1622 3458 palato,

771 3493 829 3569 ΙΙΙ,
842 3495 893 3558 85.

664 3710 866 3803 Venenisero
883 3743 930 3775 =
944 3733 1083 3785 veneno
1102 3710 1251 3784 infecto.

660 3843 812 3918 Ovidius
826 3845 865 3916 in
876 3845 959 3918 aliis
975 3845 1145 3939 operibus
1156 3843 1384 3938 frequentius
1398 3843 1508 3916 eiiam
1519 3865 1624 3917 usur-

610 3978 709 4074 pavit
723 3979 902 4074 adjectiva
921 3978 1067 4050 nomina
1086 3979 1165 4073 ejus
1187 3978 1283 4048 modi
1299 4003 1309 4062 ;
1330 3978 1441 4050 liceat
1458 3977 1527 4049 hoc
1546 3976 1624 4050 loco

611 4113 772 4184 inserere
784 4113 863 4184 haec
878 4136 888 4182 t
905 4115 1009 4204 alifer
1019 4111 1122 4183 Fast.
1135 4110 1200 4196 IV,
1210 4109 1297 4186 562.
1307 4111 1498 4183 dictumde
1514 4135 1623 4183 curru

612 4245 672 4338 qui
690 4247 742 4316 ita
760 4247 908 4339 rapidus
929 4253 985 4317 est
999 4253 1040 4316 ut
1053 4245 1190 4316 volucri
1206 4243 1427 4316 similisesse
1442 4245 1621 4330 videatur,

612 4379 793 4471 cruciliser
808 4379 910 4450 Fast.
929 4378 976 4462 V,
995 4378 1080 4450 637.
1103 4377 1222 4449 Tibris
1242 4386 1351 4471 caput
1366 4367 1508 4450 extollit
1526 4378 1622 4470 quod
