<?xml version="1.0" encoding="UTF-8"?>
<!DOCTYPE html PUBLIC "-//W3C//DTD XHTML 1.0 Transitional//EN"
    "http://www.w3.org/TR/xhtml1/DTD/xhtml1-transitional.dtd">
<html xmlns="http://www.w3.org/1999/xhtml" xml:lang="en" lang="en">
 <head>
  <title>
</title>
<meta http-equiv="Content-Type" content="text/html;charset=utf-8" />
  <meta name='ocr-system' content='tesseract 3.04.00' />
  <meta name='ocr-capabilities' content='ocr_page ocr_carea ocr_par ocr_line ocrx_word'/>
</head>
<body>
  <div class='ocr_page' id='page_1' title='image "./deovidionovator00favrgoog_0138.png"; bbox 0 0 3620 5842; ppageno 0'>
   <div class='ocr_carea' id='block_1_1' title="bbox 237 933 1261 2777">
    <p class='ocr_par' dir='ltr' id='par_1_1' title="bbox 646 933 838 999">
     <span class='ocr_line' id='line_1_1' title="bbox 646 933 838 999; baseline 0 -2"><span class='ocrx_word' id='word_1_1' title='bbox 646 933 770 999; x_wconf 80' lang='lat'>-125</span> <span class='ocrx_word' id='word_1_2' title='bbox 797 972 838 978; x_wconf 92' lang='lat'>—</span> 
     </span>
    </p>

    <p class='ocr_par' dir='ltr' id='par_1_2' title="bbox 237 1078 1261 2777">
     <span class='ocr_line' id='line_1_2' title="bbox 238 1078 1246 1174; baseline -0.01 -22"><span class='ocrx_word' id='word_1_3' title='bbox 238 1091 366 1174; x_wconf 82' lang='lat' dir='ltr'>gauter</span> <span class='ocrx_word' id='word_1_4' title='bbox 385 1079 576 1174; x_wconf 84' lang='lat' dir='ltr'>perpolivit</span> <span class='ocrx_word' id='word_1_5' title='bbox 595 1078 646 1148; x_wconf 88' lang='lat' dir='ltr'>ita</span> <span class='ocrx_word' id='word_1_6' title='bbox 664 1083 703 1146; x_wconf 92' lang='lat' dir='ltr'>ut</span> <span class='ocrx_word' id='word_1_7' title='bbox 722 1098 849 1146; x_wconf 78' lang='lat' dir='ltr'>novant</span> <span class='ocrx_word' id='word_1_8' title='bbox 872 1098 913 1144; x_wconf 84' lang='lat' dir='ltr'>ac</span> <span class='ocrx_word' id='word_1_9' title='bbox 934 1082 1069 1146; x_wconf 87' lang='lat' dir='ltr'>certam</span> <span class='ocrx_word' id='word_1_10' title='bbox 1085 1095 1246 1145; x_wconf 87' lang='lat' dir='ltr'>normam</span> 
     </span>
     <span class='ocr_line' id='line_1_3' title="bbox 237 1207 1247 1308; baseline -0.007 -23"><span class='ocrx_word' id='word_1_11' title='bbox 237 1215 308 1285; x_wconf 85' lang='lat' dir='ltr'>arti</span> <span class='ocrx_word' id='word_1_12' title='bbox 323 1219 539 1308; x_wconf 80' lang='lat' dir='ltr'>proponeret</span> <span class='ocrx_word' id='word_1_13' title='bbox 553 1233 624 1304; x_wconf 88' lang='lat' dir='ltr'>qua</span> <span class='ocrx_word' id='word_1_14' title='bbox 640 1208 896 1280; x_wconf 84' lang='lat' dir='ltr'>vocabulorum</span> <span class='ocrx_word' id='word_1_15' title='bbox 912 1207 1105 1292; x_wconf 86' lang='lat' dir='ltr'>delectum,</span> <span class='ocrx_word' id='word_1_16' title='bbox 1124 1215 1247 1278; x_wconf 85' lang='lat' dir='ltr'>strue-</span> 
     </span>
     <span class='ocr_line' id='line_1_4' title="bbox 239 1341 1245 1437; baseline -0.009 -19"><span class='ocrx_word' id='word_1_17' title='bbox 239 1355 372 1431; x_wconf 89' lang='lat' dir='ltr'>tnram‚</span> <span class='ocrx_word' id='word_1_18' title='bbox 388 1353 555 1418; x_wconf 90' lang='lat' dir='ltr'>ornatum</span> <span class='ocrx_word' id='word_1_19' title='bbox 570 1344 616 1416; x_wconf 86' lang='lat' dir='ltr'>ad</span> <span class='ocrx_word' id='word_1_20' title='bbox 637 1367 742 1415; x_wconf 89' lang='lat' dir='ltr'>suum</span> <span class='ocrx_word' id='word_1_21' title='bbox 749 1341 929 1437; x_wconf 87' lang='lat' dir='ltr'>judicium</span> <span class='ocrx_word' id='word_1_22' title='bbox 949 1341 1245 1414; x_wconf 84' lang='lat' dir='ltr'>accommodavit.</span> 
     </span>
     <span class='ocr_line' id='line_1_5' title="bbox 239 1475 1251 1574; baseline -0.007 -22"><span class='ocrx_word' id='word_1_23' title='bbox 239 1481 405 1574; x_wconf 88' lang='lat' dir='ltr'>Denique</span> <span class='ocrx_word' id='word_1_24' title='bbox 423 1488 464 1551; x_wconf 92' lang='lat' dir='ltr'>ut</span> <span class='ocrx_word' id='word_1_25' title='bbox 482 1501 634 1573; x_wconf 87' lang='lat' dir='ltr'>poeseos</span> <span class='ocrx_word' id='word_1_26' title='bbox 650 1499 725 1562; x_wconf 79' lang='lat' dir='ltr'>arS,</span> <span class='ocrx_word' id='word_1_27' title='bbox 742 1500 851 1569; x_wconf 88' lang='lat' dir='ltr'>quum</span> <span class='ocrx_word' id='word_1_28' title='bbox 861 1475 1012 1548; x_wconf 87' lang='lat' dir='ltr'>Ovidius</span> <span class='ocrx_word' id='word_1_29' title='bbox 1027 1498 1154 1546; x_wconf 87' lang='lat' dir='ltr'>versus</span> <span class='ocrx_word' id='word_1_30' title='bbox 1169 1498 1251 1545; x_wconf 87' lang='lat' dir='ltr'>con-</span> 
     </span>
     <span class='ocr_line' id='line_1_6' title="bbox 240 1607 1252 1707; baseline -0.01 -21"><span class='ocrx_word' id='word_1_31' title='bbox 240 1614 327 1686; x_wconf 88' lang='lat' dir='ltr'>dere</span> <span class='ocrx_word' id='word_1_32' title='bbox 342 1614 490 1707; x_wconf 87' lang='lat' dir='ltr'>incepit‚</span> <span class='ocrx_word' id='word_1_33' title='bbox 500 1612 546 1684; x_wconf 90' lang='lat' dir='ltr'>ad</span> <span class='ocrx_word' id='word_1_34' title='bbox 562 1610 785 1705; x_wconf 80' lang='lat' dir='ltr'>elegantiam</span> <span class='ocrx_word' id='word_1_35' title='bbox 800 1617 1100 1691; x_wconf 83' lang='lat' dir='ltr'>consummatam,</span> <span class='ocrx_word' id='word_1_36' title='bbox 1119 1607 1252 1698; x_wconf 84' lang='lat' dir='ltr'>Vergi-</span> 
     </span>
     <span class='ocr_line' id='line_1_7' title="bbox 240 1741 1254 1841; baseline -0.006 -24"><span class='ocrx_word' id='word_1_37' title='bbox 240 1747 289 1818; x_wconf 95' lang='lat' dir='ltr'>lio</span> <span class='ocrx_word' id='word_1_38' title='bbox 305 1753 467 1830; x_wconf 83' lang='lat' dir='ltr'>auctore,</span> <span class='ocrx_word' id='word_1_39' title='bbox 478 1753 709 1841; x_wconf 88' lang='lat' dir='ltr'>pervenerat,</span> <span class='ocrx_word' id='word_1_40' title='bbox 723 1745 788 1828; x_wconf 88' lang='lat' dir='ltr'>ita,</span> <span class='ocrx_word' id='word_1_41' title='bbox 801 1743 929 1814; x_wconf 92' lang='lat' dir='ltr'>Ovidio</span> <span class='ocrx_word' id='word_1_42' title='bbox 943 1743 1151 1840; x_wconf 91' lang='lat' dir='ltr'>adjuvante,</span> <span class='ocrx_word' id='word_1_43' title='bbox 1161 1741 1254 1813; x_wconf 91' lang='lat' dir='ltr'>nihil</span> 
     </span>
     <span class='ocr_line' id='line_1_8' title="bbox 242 1874 1255 1978; baseline -0.008 -24"><span class='ocrx_word' id='word_1_44' title='bbox 242 1882 416 1978; x_wconf 88' lang='lat' dir='ltr'>perdidit.</span> <span class='ocrx_word' id='word_1_45' title='bbox 436 1880 563 1972; x_wconf 90' lang='lat' dir='ltr'>Itaque</span> <span class='ocrx_word' id='word_1_46' title='bbox 576 1880 606 1950; x_wconf 90' lang='lat' dir='ltr'>si</span> <span class='ocrx_word' id='word_1_47' title='bbox 623 1879 681 1951; x_wconf 88' lang='lat' dir='ltr'>oui</span> <span class='ocrx_word' id='word_1_48' title='bbox 695 1877 912 1951; x_wconf 84' lang='lat' dir='ltr'>concedetur</span> <span class='ocrx_word' id='word_1_49' title='bbox 925 1885 964 1948; x_wconf 89' lang='lat' dir='ltr'>ut</span> <span class='ocrx_word' id='word_1_50' title='bbox 977 1900 1069 1948; x_wconf 91' lang='lat' dir='ltr'>nova</span> <span class='ocrx_word' id='word_1_51' title='bbox 1080 1874 1255 1947; x_wconf 85' lang='lat' dir='ltr'>vocabula</span> 
     </span>
     <span class='ocr_line' id='line_1_9' title="bbox 242 2010 1257 2109; baseline -0.008 -21"><span class='ocrx_word' id='word_1_52' title='bbox 242 2017 371 2109; x_wconf 83' lang='lat' dir='ltr'>fingat,</span> <span class='ocrx_word' id='word_1_53' title='bbox 394 2038 512 2099; x_wconf 86' lang='lat' dir='ltr'>nemu,</span> <span class='ocrx_word' id='word_1_54' title='bbox 543 2021 607 2085; x_wconf 91' lang='lat' dir='ltr'>aut</span> <span class='ocrx_word' id='word_1_55' title='bbox 626 2036 693 2106; x_wconf 85' lang='lat' dir='ltr'>ego</span> <span class='ocrx_word' id='word_1_56' title='bbox 712 2011 832 2098; x_wconf 90' lang='lat' dir='ltr'>fallor,</span> <span class='ocrx_word' id='word_1_57' title='bbox 857 2012 1002 2102; x_wconf 85' lang='lat' dir='ltr'>dignior</span> <span class='ocrx_word' id='word_1_58' title='bbox 1018 2012 1088 2084; x_wconf 88' lang='lat' dir='ltr'>erit</span> <span class='ocrx_word' id='word_1_59' title='bbox 1107 2010 1173 2082; x_wconf 91' lang='lat' dir='ltr'>tali</span> <span class='ocrx_word' id='word_1_60' title='bbox 1194 2011 1257 2081; x_wconf 92' lang='lat' dir='ltr'>ho-</span> 
     </span>
     <span class='ocr_line' id='line_1_10' title="bbox 243 2144 1254 2242; baseline -0.009 -19"><span class='ocrx_word' id='word_1_61' title='bbox 243 2173 330 2223; x_wconf 89' lang='lat' dir='ltr'>nore</span> <span class='ocrx_word' id='word_1_62' title='bbox 356 2172 463 2242; x_wconf 88' lang='lat' dir='ltr'>quam</span> <span class='ocrx_word' id='word_1_63' title='bbox 488 2147 676 2241; x_wconf 87' lang='lat' dir='ltr'>Vergilius</span> <span class='ocrx_word' id='word_1_64' title='bbox 701 2154 764 2218; x_wconf 91' lang='lat' dir='ltr'>aut</span> <span class='ocrx_word' id='word_1_65' title='bbox 796 2146 972 2218; x_wconf 90' lang='lat' dir='ltr'>Horatius</span> <span class='ocrx_word' id='word_1_66' title='bbox 1001 2154 1065 2217; x_wconf 93' lang='lat' dir='ltr'>aut</span> <span class='ocrx_word' id='word_1_67' title='bbox 1089 2144 1254 2216; x_wconf 89' lang='lat' dir='ltr'>Ovidius.</span> 
     </span>
     <span class='ocr_line' id='line_1_11' title="bbox 244 2278 1259 2376; baseline -0.003 -24"><span class='ocrx_word' id='word_1_68' title='bbox 244 2283 345 2354; x_wconf 91' lang='lat' dir='ltr'>Viris</span> <span class='ocrx_word' id='word_1_69' title='bbox 362 2282 435 2353; x_wconf 91' lang='lat' dir='ltr'>illis</span> <span class='ocrx_word' id='word_1_70' title='bbox 452 2304 595 2376; x_wconf 88' lang='lat' dir='ltr'>semper</span> <span class='ocrx_word' id='word_1_71' title='bbox 609 2281 714 2351; x_wconf 89' lang='lat' dir='ltr'>licuit</span> <span class='ocrx_word' id='word_1_72' title='bbox 727 2280 882 2352; x_wconf 91' lang='lat' dir='ltr'>latinum</span> <span class='ocrx_word' id='word_1_73' title='bbox 897 2302 1100 2352; x_wconf 89' lang='lat' dir='ltr'>sermonem</span> <span class='ocrx_word' id='word_1_74' title='bbox 1112 2279 1164 2350; x_wconf 91' lang='lat' dir='ltr'>ita</span> <span class='ocrx_word' id='word_1_75' title='bbox 1177 2278 1259 2350; x_wconf 87' lang='lat' dir='ltr'>fleo-</span> 
     </span>
     <span class='ocr_line' id='line_1_12' title="bbox 246 2413 1259 2508; baseline -0.004 -20"><span class='ocrx_word' id='word_1_76' title='bbox 246 2424 324 2490; x_wconf 88' lang='lat' dir='ltr'>tere</span> <span class='ocrx_word' id='word_1_77' title='bbox 340 2424 380 2487; x_wconf 93' lang='lat' dir='ltr'>ut</span> <span class='ocrx_word' id='word_1_78' title='bbox 391 2416 495 2487; x_wconf 88' lang='lat' dir='ltr'>novis</span> <span class='ocrx_word' id='word_1_79' title='bbox 510 2415 698 2486; x_wconf 88' lang='lat' dir='ltr'>vocabulis</span> <span class='ocrx_word' id='word_1_80' title='bbox 714 2415 888 2486; x_wconf 88' lang='lat' dir='ltr'>adhibitis</span> <span class='ocrx_word' id='word_1_81' title='bbox 902 2438 1004 2487; x_wconf 86' lang='lat' dir='ltr'>novae</span> <span class='ocrx_word' id='word_1_82' title='bbox 1020 2413 1259 2508; x_wconf 80' lang='lat' dir='ltr'>cogitationes</span> 
     </span>
     <span class='ocr_line' id='line_1_13' title="bbox 246 2546 1261 2644; baseline -0.004 -22"><span class='ocrx_word' id='word_1_83' title='bbox 246 2549 597 2644; x_wconf 86' lang='lat' dir='ltr'>explicarentur.Nil</span> <span class='ocrx_word' id='word_1_84' title='bbox 609 2549 724 2642; x_wconf 83' lang='lat' dir='ltr'>igitur</span> <span class='ocrx_word' id='word_1_85' title='bbox 736 2549 867 2621; x_wconf 90' lang='lat' dir='ltr'>mirum</span> <span class='ocrx_word' id='word_1_86' title='bbox 883 2556 940 2620; x_wconf 89' lang='lat' dir='ltr'>est</span> <span class='ocrx_word' id='word_1_87' title='bbox 954 2549 985 2620; x_wconf 88' lang='lat' dir='ltr'>si</span> <span class='ocrx_word' id='word_1_88' title='bbox 1002 2546 1120 2619; x_wconf 92' lang='lat' dir='ltr'>Ovidii</span> <span class='ocrx_word' id='word_1_89' title='bbox 1133 2547 1261 2641; x_wconf 78' lang='lat' dir='ltr'>lingua</span> 
     </span>
     <span class='ocr_line' id='line_1_14' title="bbox 252 2682 816 2777; baseline -0.005 -22"><span class='ocrx_word' id='word_1_90' title='bbox 252 2705 455 2756; x_wconf 88' lang='lat' dir='ltr'>sermonem</span> <span class='ocrx_word' id='word_1_91' title='bbox 472 2682 630 2777; x_wconf 84' lang='lat' dir='ltr'>patrium</span> <span class='ocrx_word' id='word_1_92' title='bbox 647 2683 816 2754; x_wconf 85' lang='lat' dir='ltr'>ditaverit</span> 
     </span>
    </p>
   </div>
   <div class='ocr_carea' id='block_1_2' title="bbox 406 2883 1018 3054">
    <p class='ocr_par' dir='ltr' id='par_1_3' title="bbox 406 2883 1018 3054">
     <span class='ocr_line' id='line_1_15' title="bbox 408 2883 1018 2954; baseline -0.005 -14"><span class='ocrx_word' id='word_1_93' title='bbox 408 2925 657 2942; x_wconf 89' lang='grc'><strong>...................</strong></span> <span class='ocrx_word' id='word_1_94' title='bbox 664 2883 801 2954; x_wconf 75' lang='lat' dir='ltr'>,.......et</span> <span class='ocrx_word' id='word_1_95' title='bbox 816 2898 896 2938; x_wconf 86' lang='lat' dir='ltr'>nova</span> <span class='ocrx_word' id='word_1_96' title='bbox 913 2896 1018 2938; x_wconf 89' lang='lat' dir='ltr'>rerum</span> 
     </span>
     <span class='ocr_line' id='line_1_16' title="bbox 406 2979 729 3054; baseline -0.006 -16"><span class='ocrx_word' id='word_1_97' title='bbox 406 2979 539 3038; x_wconf 87' lang='lat' dir='ltr'>Nomina</span> <span class='ocrx_word' id='word_1_98' title='bbox 552 2979 729 3054; x_wconf 88' lang='lat' dir='ltr'>protulerit.</span> 
     </span>
    </p>
   </div>
   <div class='ocr_carea' id='block_1_3' title="bbox 249 3128 1273 3882">
    <p class='ocr_par' dir='ltr' id='par_1_4' title="bbox 249 3128 1273 3882">
     <span class='ocr_line' id='line_1_17' title="bbox 300 3128 1265 3224; baseline 0 -23"><span class='ocrx_word' id='word_1_99' title='bbox 300 3128 342 3201; x_wconf 89' lang='lat' dir='ltr'>ln</span> <span class='ocrx_word' id='word_1_100' title='bbox 366 3130 482 3224; x_wconf 90' lang='lat' dir='ltr'>primo</span> <span class='ocrx_word' id='word_1_101' title='bbox 511 3130 628 3224; x_wconf 89' lang='lat' dir='ltr'>capite</span> <span class='ocrx_word' id='word_1_102' title='bbox 655 3130 763 3224; x_wconf 88' lang='lat' dir='ltr'>hujus</span> <span class='ocrx_word' id='word_1_103' title='bbox 776 3129 861 3200; x_wconf 91' lang='lat' dir='ltr'>libri</span> <span class='ocrx_word' id='word_1_104' title='bbox 880 3132 1094 3200; x_wconf 83' lang='lat' dir='ltr'>substantiva</span> <span class='ocrx_word' id='word_1_105' title='bbox 1123 3131 1265 3201; x_wconf 81' lang='lat' dir='ltr'>nomina</span> 
     </span>
     <span class='ocr_line' id='line_1_18' title="bbox 251 3262 1265 3357; baseline -0.001 -22"><span class='ocrx_word' id='word_1_106' title='bbox 251 3264 476 3344; x_wconf 87' lang='lat' dir='ltr'>enumeravi,</span> <span class='ocrx_word' id='word_1_107' title='bbox 495 3287 577 3356; x_wconf 81' lang='lat' dir='ltr'>quae</span> <span class='ocrx_word' id='word_1_108' title='bbox 599 3263 746 3356; x_wconf 89' lang='lat' dir='ltr'>propria</span> <span class='ocrx_word' id='word_1_109' title='bbox 762 3262 890 3334; x_wconf 92' lang='lat' dir='ltr'>Ovidio</span> <span class='ocrx_word' id='word_1_110' title='bbox 913 3287 955 3335; x_wconf 88' lang='lat' dir='ltr'>ac</span> <span class='ocrx_word' id='word_1_111' title='bbox 970 3264 1168 3357; x_wconf 84' lang='lat' dir='ltr'>peculiaria</span> <span class='ocrx_word' id='word_1_112' title='bbox 1194 3265 1265 3336; x_wconf 90' lang='lat' dir='ltr'>dici</span> 
     </span>
     <span class='ocr_line' id='line_1_19' title="bbox 250 3397 1268 3498; baseline 0.002 -30"><span class='ocrx_word' id='word_1_113' title='bbox 250 3405 403 3492; x_wconf 90' lang='lat' dir='ltr'>possunt</span> <span class='ocrx_word' id='word_1_114' title='bbox 418 3405 454 3468; x_wconf 90' lang='lat' dir='ltr'>et</span> <span class='ocrx_word' id='word_1_115' title='bbox 468 3397 542 3468; x_wconf 87' lang='lat' dir='ltr'>alia</span> <span class='ocrx_word' id='word_1_116' title='bbox 557 3421 636 3490; x_wconf 84' lang='lat' dir='ltr'>quae</span> <span class='ocrx_word' id='word_1_117' title='bbox 656 3398 728 3492; x_wconf 84' lang='lat' dir='ltr'>jarn</span> <span class='ocrx_word' id='word_1_118' title='bbox 738 3397 775 3467; x_wconf 92' lang='lat' dir='ltr'>in</span> <span class='ocrx_word' id='word_1_119' title='bbox 791 3420 898 3491; x_wconf 91' lang='lat' dir='ltr'>prosa</span> <span class='ocrx_word' id='word_1_120' title='bbox 909 3399 1073 3470; x_wconf 87' lang='lat' dir='ltr'>oratione</span> <span class='ocrx_word' id='word_1_121' title='bbox 1087 3398 1268 3498; x_wconf 79' lang='lat' dir='ltr'>adhibita,</span> 
     </span>
     <span class='ocr_line' id='line_1_20' title="bbox 249 3530 1271 3626; baseline 0.004 -26"><span class='ocrx_word' id='word_1_122' title='bbox 249 3531 406 3626; x_wconf 90' lang='lat' dir='ltr'>primum</span> <span class='ocrx_word' id='word_1_123' title='bbox 430 3532 475 3602; x_wconf 86' lang='lat' dir='ltr'>ab</span> <span class='ocrx_word' id='word_1_124' title='bbox 493 3530 622 3602; x_wconf 91' lang='lat' dir='ltr'>Ovidio</span> <span class='ocrx_word' id='word_1_125' title='bbox 638 3531 675 3600; x_wconf 93' lang='lat' dir='ltr'>in</span> <span class='ocrx_word' id='word_1_126' title='bbox 696 3531 823 3624; x_wconf 88' lang='lat' dir='ltr'>poesin</span> <span class='ocrx_word' id='word_1_127' title='bbox 838 3532 991 3603; x_wconf 84' lang='lat' dir='ltr'>inducta</span> <span class='ocrx_word' id='word_1_128' title='bbox 1007 3540 1106 3617; x_wconf 90' lang='lat' dir='ltr'>sunt,</span> <span class='ocrx_word' id='word_1_129' title='bbox 1129 3533 1271 3605; x_wconf 83' lang='lat' dir='ltr'>scilicet</span> 
     </span>
     <span class='ocr_line' id='line_1_21' title="bbox 251 3664 1271 3751; baseline -0.001 -14"><span class='ocrx_word' id='word_1_130' title='bbox 251 3664 399 3737; x_wconf 89' lang='lat' dir='ltr'>nomina</span> <span class='ocrx_word' id='word_1_131' title='bbox 411 3665 528 3735; x_wconf 87' lang='lat' dir='ltr'>in-tor</span> <span class='ocrx_word' id='word_1_132' title='bbox 543 3665 899 3750; x_wconf 76' lang='lat' dir='ltr'>etin-trim,in-nte&#39;vt‚</span> <span class='ocrx_word' id='word_1_133' title='bbox 910 3666 1032 3750; x_wconf 74' lang='lat' dir='ltr'>intuo,</span> <span class='ocrx_word' id='word_1_134' title='bbox 1042 3666 1271 3751; x_wconf 84' lang='lat' dir='ltr'>in-turo‚in-</span> 
     </span>
     <span class='ocr_line' id='line_1_22' title="bbox 254 3797 1273 3882; baseline 0.001 -14"><span class='ocrx_word' id='word_1_135' title='bbox 254 3822 305 3882; x_wconf 84' lang='lat' dir='ltr'>us,</span> <span class='ocrx_word' id='word_1_136' title='bbox 328 3797 478 3881; x_wconf 64' lang='lat' dir='ltr'>inludo,</span> <span class='ocrx_word' id='word_1_137' title='bbox 502 3797 634 3869; x_wconf 89' lang='lat' dir='ltr'>deinde</span> <span class='ocrx_word' id='word_1_138' title='bbox 656 3799 804 3869; x_wconf 90' lang='lat' dir='ltr'>nomina</span> <span class='ocrx_word' id='word_1_139' title='bbox 819 3821 863 3869; x_wconf 83' lang='lat' dir='ltr'>ex</span> <span class='ocrx_word' id='word_1_140' title='bbox 884 3799 956 3869; x_wconf 86' lang='lat' dir='ltr'>alio</span> <span class='ocrx_word' id='word_1_141' title='bbox 975 3799 1124 3871; x_wconf 92' lang='lat' dir='ltr'>nomine</span> <span class='ocrx_word' id='word_1_142' title='bbox 1144 3805 1181 3871; x_wconf 87' lang='lat' dir='ltr'>et</span> <span class='ocrx_word' id='word_1_143' title='bbox 1210 3823 1273 3870; x_wconf 91' lang='lat' dir='ltr'>ra-</span> 
     </span>
    </p>
   </div>
   <div class='ocr_carea' id='block_1_4' title="bbox 254 3930 1274 4028">
    <p class='ocr_par' dir='ltr' id='par_1_5' title="bbox 254 3930 1274 4028">
     <span class='ocr_line' id='line_1_23' title="bbox 254 3930 1274 4028; baseline 0.003 -27"><span class='ocrx_word' id='word_1_144' title='bbox 254 3930 333 4002; x_wconf 88' lang='lat' dir='ltr'>dice</span> <span class='ocrx_word' id='word_1_145' title='bbox 351 3931 453 4002; x_wconf 89' lang='lat' dir='ltr'>verbi</span> <span class='ocrx_word' id='word_1_146' title='bbox 478 3931 691 4026; x_wconf 84' lang='lat' dir='ltr'>composita,</span> <span class='ocrx_word' id='word_1_147' title='bbox 710 3931 866 4026; x_wconf 89' lang='lat' dir='ltr'>denique</span> <span class='ocrx_word' id='word_1_148' title='bbox 886 3933 1034 4004; x_wconf 90' lang='lat' dir='ltr'>nomina</span> <span class='ocrx_word' id='word_1_149' title='bbox 1054 3933 1274 4028; x_wconf 85' lang='lat' dir='ltr'>appellativa</span> 
     </span>
    </p>
   </div>
   <div class='ocr_carea' id='block_1_5' title="bbox 256 4063 1279 4564">
    <p class='ocr_par' dir='ltr' id='par_1_6' title="bbox 256 4063 1279 4564">
     <span class='ocr_line' id='line_1_24' title="bbox 256 4063 1274 4163; baseline 0.001 -27"><span class='ocrx_word' id='word_1_150' title='bbox 256 4087 274 4136; x_wconf 94' lang='lat' dir='ltr'>e</span> <span class='ocrx_word' id='word_1_151' title='bbox 295 4089 416 4158; x_wconf 80' lang='lat' dir='ltr'>graeco</span> <span class='ocrx_word' id='word_1_152' title='bbox 439 4063 537 4138; x_wconf 88' lang='lat' dir='ltr'>fonte</span> <span class='ocrx_word' id='word_1_153' title='bbox 565 4066 709 4138; x_wconf 91' lang='lat' dir='ltr'>detorta</span> <span class='ocrx_word' id='word_1_154' title='bbox 728 4068 930 4139; x_wconf 88' lang='lat' dir='ltr'>etnomina</span> <span class='ocrx_word' id='word_1_155' title='bbox 948 4068 1128 4163; x_wconf 83' lang='lat' dir='ltr'>propriae</span> <span class='ocrx_word' id='word_1_156' title='bbox 1154 4091 1274 4162; x_wconf 82' lang='lat' dir='ltr'>graeco</span> 
     </span>
     <span class='ocr_line' id='line_1_25' title="bbox 257 4200 1279 4290; baseline 0.004 -22"><span class='ocrx_word' id='word_1_157' title='bbox 257 4221 424 4270; x_wconf 89' lang='lat' dir='ltr'>sermone</span> <span class='ocrx_word' id='word_1_158' title='bbox 440 4200 476 4269; x_wconf 96' lang='lat' dir='ltr'>in</span> <span class='ocrx_word' id='word_1_159' title='bbox 490 4200 645 4271; x_wconf 83' lang='lat' dir='ltr'>latinum</span> <span class='ocrx_word' id='word_1_160' title='bbox 662 4200 808 4290; x_wconf 85' lang='lat' dir='ltr'>integra</span> <span class='ocrx_word' id='word_1_161' title='bbox 822 4201 1179 4273; x_wconf 84' lang='lat' dir='ltr'>translata.Nomina</span> <span class='ocrx_word' id='word_1_162' title='bbox 1195 4203 1279 4272; x_wconf 81' lang='lat' dir='ltr'>sub·</span> 
     </span>
     <span class='ocr_line' id='line_1_26' title="bbox 259 4332 1278 4432; baseline 0.006 -31"><span class='ocrx_word' id='word_1_163' title='bbox 259 4332 418 4403; x_wconf 87' lang='lat' dir='ltr'>stantiva</span> <span class='ocrx_word' id='word_1_164' title='bbox 437 4333 554 4403; x_wconf 90' lang='lat' dir='ltr'>in-tor</span> <span class='ocrx_word' id='word_1_165' title='bbox 580 4342 616 4405; x_wconf 89' lang='lat' dir='ltr'>et</span> <span class='ocrx_word' id='word_1_166' title='bbox 637 4333 776 4405; x_wconf 81' lang='lat' dir='ltr'>in-trioe</span> <span class='ocrx_word' id='word_1_167' title='bbox 792 4339 962 4410; x_wconf 83' lang='lat' dir='ltr'>exeuntia</span> <span class='ocrx_word' id='word_1_168' title='bbox 983 4338 1020 4408; x_wconf 89' lang='lat' dir='ltr'>in</span> <span class='ocrx_word' id='word_1_169' title='bbox 1045 4335 1116 4408; x_wconf 91' lang='lat' dir='ltr'>duo</span> <span class='ocrx_word' id='word_1_170' title='bbox 1141 4361 1278 4432; x_wconf 79' lang='lat' dir='ltr'>genera</span> 
     </span>
     <span class='ocr_line' id='line_1_27' title="bbox 261 4465 1278 4564; baseline 0.005 -28"><span class='ocrx_word' id='word_1_171' title='bbox 261 4465 476 4541; x_wconf 88' lang='lat' dir='ltr'>dividimus:</span> <span class='ocrx_word' id='word_1_172' title='bbox 502 4467 537 4538; x_wconf 91' lang='lat' dir='ltr'>l⁰</span> <span class='ocrx_word' id='word_1_173' title='bbox 561 4490 641 4559; x_wconf 85' lang='lat' dir='ltr'>quae</span> <span class='ocrx_word' id='word_1_174' title='bbox 656 4467 897 4544; x_wconf 84' lang='lat' dir='ltr'>inhaerentem</span> <span class='ocrx_word' id='word_1_175' title='bbox 914 4470 1051 4544; x_wconf 90' lang='lat' dir='ltr'>hornini</span> <span class='ocrx_word' id='word_1_176' title='bbox 1068 4471 1278 4564; x_wconf 87' lang='lat' dir='ltr'>qualitatem</span> 
     </span>
    </p>
   </div>
   <div class='ocr_carea' id='block_1_6' title="bbox 0 0 1855 5842">
    <p class='ocr_par' dir='ltr' id='par_1_7' title="bbox 0 0 1855 5842">
     <span class='ocr_line' id='line_1_28' title="bbox 0 0 1855 5842; baseline 0 0"><span class='ocrx_word' id='word_1_177' title='bbox 0 0 1855 5842; x_wconf 95' lang='lat' dir='ltr'> </span> 
     </span>
    </p>
   </div>
  </div>
 </body>
</html>
