3630 5842
993 859 1033 868 .-
1056 821 1078 886 4
1102 859 1143 869 --

560 955 857 1032 accommodavit.
893 955 1074 1048 Pleraque
1103 965 1225 1027 autem
1255 955 1299 1026 de
1324 954 1488 1048 Vergilio
1519 953 1571 1024 di-

561 1087 675 1158 cenda
693 1087 883 1160 enucleata
898 1095 983 1159 sunt
1000 1096 1038 1159 ut
1050 1088 1108 1158 vix
1128 1087 1269 1159 videam
1287 1087 1373 1180 quid
1390 1087 1475 1158 addi
1489 1111 1571 1182 pos·

561 1221 622 1306 sit,
645 1221 740 1314 quod
755 1221 801 1292 ad
817 1220 985 1291 Ovidium
1002 1221 1219 1316 discipulum
1247 1219 1417 1313 Vergilii,
1441 1219 1569 1291 saltem

560 1353 597 1424 in
613 1376 767 1435 summa,
783 1354 977 1448 pertineat.

608 1486 785 1579 Equidem
797 1487 843 1557 ad
857 1487 1170 1582 Metamorphoses
1181 1487 1410 1582 potissimum
1420 1509 1477 1558 me
1488 1508 1570 1558 con·

559 1619 640 1703 tuli,
663 1643 735 1690 nou
748 1619 795 1690 ad
806 1628 920 1691 totum
933 1621 1052 1692 Ovidii
1064 1629 1169 1715 opuS,
1183 1621 1269 1714 quia
1279 1620 1316 1691 in
1329 1620 1422 1691 libro
1437 1618 1500 1691 illo
1512 1642 1572 1691 vo·

560 1751 771 1824 catulorum
788 1777 961 1824 novorum
975 1753 1127 1826 Ovidius
1140 1753 1477 1856 abundantissimus
1492 1775 1572 1824 exs-

559 1885 645 1969 titit,
659 1869 694 1956 111
710 1885 833 1958 Fastis
849 1893 976 1958 contra
991 1887 1146 1982 parcior,
1157 1887 1195 1958 in
1209 1887 1338 1981 elegiis
1354 1911 1480 1982 parum
1497 1893 1571 1958 stu·

560 2017 860 2113 diosus,deuique
869 2020 907 2091 in
918 2019 1156 2093 novemlibris
1168 2044 1257 2115 quos
1268 2019 1416 2093 Themis
1426 2018 1572 2116 scripsit

559 2151 704 2224 omnino
716 2152 866 2224 sterilis.
879 2153 974 2231 Quid
988 2154 1083 2247 quod
1095 2153 1409 2249 Metamorphoses
1421 2160 1570 2225 nostra-

559 2308 638 2356 rum
655 2285 861 2358 scholarum
877 2287 1067 2381 discipulis
1086 2289 1376 2360 commentandae
1391 2288 1476 2383 jure
1489 2311 1571 2382 pro-

558 2426 755 2524 ponuntur.
771 2419 876 2491 Hanc
891 2420 1005 2514 igitur
1019 2421 1315 2517 disputationem,
1334 2421 1403 2494 etsi
1423 2444 1469 2493 ne
1487 2444 1569 2492 ma-

553 2550 647 2645 joris
668 2551 804 2624 laboris
825 2577 933 2645 quam
947 2555 1117 2649 ponderis
1130 2578 1212 2628 esse
1222 2556 1391 2627 videatur
1404 2553 1567 2638 timeam,

558 2699 630 2747 non
658 2676 823 2749 inutilem
851 2702 956 2773 spero
976 2679 1053 2751 1010
1082 2680 1129 2750 ad
1153 2680 1355 2754 orationem
1377 2679 1499 2750 Ovidii
1532 2679 1569 2749 in

557 2799 649 2880 libro
670 2811 805 2882 celebri
825 2821 923 2884 recte
943 2813 1210 2907 explicandam.

608 2943 1569 3040 eraequumitasint‚quaeramdeomnibusvocabulis

559 3100 639 3168 quae
649 3077 801 3149 Ovidius
817 3090 880 3149 aut
893 3079 992 3150 solus
1008 3088 1072 3151 aut
1082 3081 1220 3174 primus
1232 3081 1435 3176 usurpavit,
1450 3079 1570 3150 sintne

559 3232 602 3279 ex
618 3208 734 3303 ipsius
753 3209 897 3283 officina
917 3214 1116 3307 repetenda
1131 3237 1259 3286 necne.
1275 3215 1410 3286 Fateor
1427 3211 1572 3306 quidem

559 3341 596 3411 in
605 3343 978 3437 talimateriaqualem
991 3345 1331 3418 tractavinihilsere
1344 3346 1456 3418 statui
1466 3367 1573 3440 posse

559 3475 655 3566 quod
674 3475 719 3545 ab
740 3478 835 3547 omni
857 3485 958 3570 parte
981 3489 1117 3549 certum
1144 3504 1225 3551 esse
1245 3480 1411 3552 videatur
1426 3482 1454 3549 ¹.
1471 3477 1574 3550 Atta-

595 3725 620 3778 1.
636 3723 754 3796 Aliquot
765 3725 912 3792 vocabula,
924 3743 987 3798 qum
1000 3745 1017 3780 a
1029 3727 1143 3799 legente
1153 3733 1185 3784 ut
1201 3727 1485 3784 enumerem‘veniam
1497 3730 1574 3798 pete,

557 3803 593 3858 ab
608 3803 709 3858 Ovidio
721 3810 770 3859 aut
791 3805 853 3860 solo
874 3812 924 3861 aut
946 3807 1036 3877 primo
1060 3808 1190 3864 adhibita
1205 3814 1282 3864 sunt.
1304 3811 1441 3864 Attamen
1458 3808 1574 3862 credere

557 3899 616 3937 non
630 3883 729 3938 dubito
745 3902 778 3938 ea
789 3888 849 3954 jam
868 3886 898 3938 iu
917 3889 1085 3953 mulnisae,
1103 3889 1195 3943 sedin
1214 3890 1386 3960 scriptorum
1411 3903 1572 3941 sermonem

557 3963 685 4016 noudum
699 3964 837 4018 inelueta:
857 3967 988 4035 poncello
1002 3967 1103 4039 (genu)
1118 3968 1155 4031 X,
1172 3970 1242 4035 593;
1273 3969 1392 4040 papilla,
1416 3965 1479 4030 XV,
1495 3965 1548 4022 374
1565 3982 1573 4030 ;

558 4043 710 4112 (Martialis
726 4052 825 4115 postea
838 4047 902 4113 XII,
918 4049 963 4111 61,
979 4053 1002 4108 6,
1019 4057 1135 4102 auctore
1151 4049 1259 4117 Ouidio,
1273 4047 1433 4102 Columella
1446 4045 1497 4111 IX,
1524 4049 1572 4115 143

558 4123 608 4188 XI,
625 4125 651 4188 8,
668 4130 735 4189 aet
763 4125 874 4180 Plinius
889 4131 981 4196 major
997 4128 1046 4193 xl,
1062 4131 1106 4192 65,
1125 4134 1173 4192 100,
1196 4129 1267 4182 illud
1295 4127 1467 4183 uocabulum
1497 4143 1579 4179 usur·

557 4209 706 4272 paverunt,
723 4205 769 4258 cui
782 4223 874 4277 neque
887 4209 960 4278 apud
976 4215 1077 4278 poetas
1105 4226 1196 4278 neque
1211 4210 1285 4280 apud
1316 4226 1407 4279 prosae
1433 4206 1574 4262 orationis
1601 4213 1604 4218 '

557 4282 711 4352 scriptores
726 4291 791 4338 ante
805 4287 934 4340 Ovidium
950 4289 1016 4341 data
1027 4288 1215 4356 e1·atcivitas);
1228 4290 1353 4343 ramalia
1364 4287 1483 4359 (ramus)
1497 4285 1519 4340 V
1524 4285 1572 4348 lll,

557 4363 618 4420 614.
633 4363 749 4419 11001010
763 4372 840 4420 octus
856 4368 1000 4422 invenitur
1015 4369 1088 4438 apud
1106 4368 1246 4436 Persium,
1263 4368 1285 4432 l,
1301 4370 1346 4424 97.
