3620 5842
966 895 1129 963 ..34-

592 1059 647 1132 Oi.
664 1059 711 1148 V,
737 1062 827 1145 442;
849 1063 955 1150 XIV,
990 1064 1063 1138 796
1079 1090 1088 1150 ;
1106 1063 1299 1151 riu-849.
1327 1064 1555 1138 Vocabulum

544 1193 718 1268 audacter
747 1196 974 1293 exprimitur.
1009 1199 1209 1271 Hinnilibar
1224 1207 1281 1272 est
1306 1221 1372 1294 pro
1387 1223 1443 1270 ore
1459 1198 1555 1293 quod

541 1327 706 1401 flammas
725 1330 870 1404 evomit.

546 1553 726 1613 Garumna.
755 1553 1029 1631 Granifercmque
1044 1572 1155 1632 agmon
1181 1553 1332 1632 subjectio
1356 1554 1556 1634 spargerem

701 1669 797 1742 ervis,
810 1669 880 1743 VII,
896 1670 956 1732 638
971 1687 979 1742 ;

593 1854 647 1928 Cf.
665 1854 736 1927 Ars
765 1880 837 1930 am.
861 1857 891 1943 Ι,
931 1857 1000 1943 94;
1019 1879 1176 1952 quercus
1205 1857 1243 1929 in
1283 1856 1381 1929 arvis
1418 1856 1559 1953 spargit

542 1987 776 2063 formicarum
809 2014 941 2085 agmen
957 2015 1038 2086 quae
1059 1991 1186 2084 granis
1202 1999 1349 2064 onustae
1367 1998 1465 2063 sunt.

541 2220 719 2282 Hunnuuu.
735 2223 930 2300 Herbiseros
943 2224 957 2250 *
973 2222 1052 2284 cdiii
1078 2222 1173 2284 colles
1200 2225 1294 2302 atquo
1307 2223 1389 2282 atria
1406 2221 1554 2298 Glaucus,

591 2332 596 2340 '
701 2335 787 2408 XIV,
801 2337 842 2410 9;

592 2513 646 2587 Cf.
661 2516 765 2589 Fast.
782 2516 847 2602 IV,
869 2516 942 2589 468
960 2541 969 2601 ;
989 2516 1091 2602 Plin,
1114 2516 1238 2603 XXV,
1253 2517 1324 2604 94;
1347 2516 1458 2590 colleo
1470 2518 1559 2590 hor-

541 2648 690 2732 biferos,
741 2650 779 2721 id
817 2649 1026 2724 estieracos
1041 2650 1238 2724 herbarum
1259 2651 1377 2723 omnis
1393 2649 1555 2745 generis.

542 2864 738 2924 Liuoumuu.
754 2864 897 2941 Namque
924 2863 1095 2941 laboriferi
1110 2883 1180 2925 cum
1208 2864 1275 2942 jam
1291 2864 1407 2925 natalis
1433 2865 1559 2926 adesset

701 2979 858 3052 Herculis,
872 2981 928 3054 IX,
944 2981 1024 3052 286;

592 3173 648 3247 Cf.
679 3175 765 3262 XV,
794 3176 887 3261 129;
923 3176 1096 3250 Herculis
1129 3179 1373 3269 laboriferi:
1402 3175 1480 3249 nati
1510 3175 1557 3248 ad

542 3315 665 3382 tantos
683 3308 826 3384 labores
841 3309 1024 3385 ferendos.

591 3441 772 3536 Laboriser
800 3443 953 3538 fingitur
982 3467 1048 3539 pro
1074 3447 1274 3517 laboriosus.
1311 3443 1375 3516 Nil
1403 3442 1553 3528 mirum;

545 3573 737 3650 Lucretius
756 3577 853 3650 enim
868 3577 961 3650 dixit
980 3578 1112 3670 oesliser
1125 3601 1192 3674 pro
1205 3590 1382 3663 oeslcoscs,
1403 3575 1451 3663 V,
1467 3577 1553 3650 640.

542 3805 767 3868 Laurrsonruu.
785 3805 867 3870 Hinc
882 3808 975 3868 calidi
993 3808 1096 3870 fontes
1119 3809 1417 3884 lentisciferumque
1438 3805 1558 3866 *lone-

703 3927 758 3984 tur

705 4066 876 4139 Liternum,
895 4069 966 4140 XV,
979 4068 1055 4140 713;

596 4243 649 4316 Cf.
669 4243 762 4318 Stat.
784 4245 979 4326 Theb.VI‚
1000 4246 1070 4332 25;
1089 4247 1338 4337 lerrlisciserum
1357 4273 1404 4307 --
1424 4243 1558 4316 lentis-

547 4401 671 4449 corum
684 4378 855 4452 feracem.
