3620 5842
553 1417 885 1516 CONCLUSIO

276 1718 298 1790 J
301 1739 359 1788 am
374 1741 470 1789 nune
486 1740 566 1811 quae
580 1718 618 1790 in
631 1719 699 1790 hac
712 1718 956 1812 disputatione
980 1718 1136 1791 disserui
1155 1721 1234 1794 bre·

228 1851 321 1923 viter
340 1851 551 1924 contrahere
571 1860 714 1947 tempus
734 1859 803 1924 est.
821 1851 1062 1943 Aggredienti
1086 1854 1174 1925 mihi
1189 1855 1234 1927 de

229 1985 405 2058 sermonis
421 1985 578 2058 ovidiani
593 1986 753 2059 novitate
769 1987 864 2080 quod
880 1987 926 2059 ad
942 1988 1108 2080 quaedam
1123 2013 1234 2061 voca-

227 2119 313 2192 bula
327 2120 471 2204 attinet,
492 2145 608 2216 pauca
621 2121 779 2194 seribere
799 2121 990 2193 eonsilium
1006 2121 1074 2194 fuit
1094 2131 1133 2195 ut
1152 2147 1233 2217 quae

225 2254 386 2350 priorum
416 2256 594 2339 inventis,
624 2255 837 2328 beatissima
874 2255 1013 2349 ingenii
1052 2257 1230 2343 ubertate,

226 2389 376 2462 Ovidius
387 2389 464 2484 ipse
474 2390 676 2463 addidisset
691 2391 937 2485 explanarem.
956 2391 998 2462 ln
1012 2391 1107 2463 hano
1120 2391 1233 2485 igitur

225 2524 345 2597 thesin
373 2524 549 2596 vocabula
572 2524 680 2597 attuli
707 2547 788 2617 quae
817 2524 862 2597 ab
892 2524 1019 2596 Ovidio
1045 2525 1131 2598 ficta
1151 2549 1231 2599 esse

225 2659 344 2731 dicere
374 2682 445 2730 non
481 2659 654 2744 audeam,
678 2659 742 2730 sed
765 2659 895 2752 quibus
923 2682 1012 2730 nove
1040 2683 1127 2731 usus
1150 2683 1230 2732 esse

223 2793 379 2865 videtur.
401 2793 581 2886 Equidem
601 2791 708 2866 fateri
728 2818 799 2865 non
827 2794 951 2863 dubito
972 2793 1050 2863 fieri
1068 2816 1173 2887 posse
1192 2802 1232 2866 ut

224 2928 398 3000 nonnulla
423 2951 466 3000 ex
490 2929 536 3000 iis
556 2929 742 3000 vocabulis
763 2952 843 3020 qino
871 2928 915 2998 ab
940 2926 1067 2998 Ovidio
1084 2927 1231 2998 inventa

223 3085 304 3134 esse
324 3061 478 3133 arbitrer
492 3063 570 3158 jam
591 3085 612 3132 a
631 3062 813 3156 prioribus
829 3060 1047 3153 quibusdam
1069 3037 1231 3132 adhibita

224 3199 309 3278 sint,
339 3218 489 3289 quorum
517 3203 581 3267 aut
613 3219 658 3267 ne
690 3218 783 3266 rinus
812 3194 956 3287 quidem
981 3195 1075 3266 liber
1100 3217 1231 3289 super-

222 3327 332 3401 fuerit
353 3338 416 3401 aut
445 3352 556 3423 opera
578 3329 743 3422 quaedam
768 3328 842 3399 alia
862 3351 977 3420 usque
998 3328 1044 3399 ad
1073 3351 1139 3399 nos
1158 3351 1231 3398 non

222 3464 465 3558 pervenerint.
495 3462 647 3536 Constat
669 3471 791 3534 tamen
820 3485 999 3556 nusquam
1030 3462 1102 3532 nisi
1133 3462 1230 3554 apud

223 3597 389 3670 Ovidium
408 3599 583 3670 vocabula
598 3621 620 3670 a
634 3620 691 3669 me
718 3597 831 3669 allata
860 3596 1016 3668 inveniri
1039 3618 1159 3690 posse.
1176 3595 1231 3665 Ea

221 3737 334 3832 igitur
348 3737 386 3807 in
407 3758 516 3805 uinum
535 3734 655 3804 locum
671 3731 836 3824 recolligi
864 3737 900 3802 et
933 3731 979 3801 ad
1006 3751 1143 3821 genera
1163 3751 1229 3799 sua

220 3872 381 3944 revocari
396 3871 494 3942 haud
508 3867 638 3939 inutile
657 3865 733 3939 fore
747 3865 883 3961 putavi.

270 4008 339 4086 Qui
377 4027 549 4098 magnum
575 4024 707 4073 nomen
744 4001 781 4070 in
818 3999 1057 4093 scriptoribus
1092 3998 1229 4068 habent

220 4142 373 4227 duobus
390 4147 429 4210 ut
448 4139 500 4209 ita
513 4136 644 4218 dicam,
663 4134 890 4206 sermonibus
903 4134 955 4204 uti
977 4131 1120 4204 solent:
1140 4131 1228 4202 alte-

219 4275 295 4346 rius
308 4273 466 4367 quidem,
485 4271 599 4364 quiin
615 4293 681 4340 usu
699 4268 865 4340 omnibus
881 4274 950 4350 est,
963 4265 1071 4338 certis
1082 4265 1226 4357 legibus

219 4415 255 4480 et
274 4407 343 4503 ipsi
358 4413 506 4502 parent;
524 4405 618 4476 alter
632 4427 716 4476 vero
736 4403 781 4473 iis
797 4409 853 4473 est
872 4401 1038 4496 proprius
1055 4423 1096 4470 nc
1121 4421 1228 4494 pecu-

1139 4563 1154 4610 b
