3630 5842
992 795 1133 862 -40,

581 969 725 1030 Onrnun.
743 966 941 1045 Ascalaphus
955 968 1046 1042 vidit,
1063 984 1153 1044 quem
1161 966 1316 1044 quondam
1334 967 1447 1027 dieitur
1461 969 1587 1046 Orphne

739 1083 778 1158 V,
794 1083 863 1144 539.

561 1257 690 1316 ·P1rnun
710 1253 815 1335 (voe).
832 1251 996 1314 Palladias
1019 1271 1120 1333 arces,
1137 1272 1206 1332 quae
1220 1257 1263 1318 te.
1274 1253 1452 1331 justissima
1467 1255 1587 1317 Phene.

737 1371 809 1442 VII,
826 1369 896 1432 399.

577 1543 719 1603 Tnnnsrn
741 1537 841 1620 (abl).
866 1539 946 1600 Dote
962 1538 1023 1600 tuit
1034 1539 1136 1618 virgo,
1152 1538 1271 1601 Dictae
1284 1542 1359 1602 nate
1384 1540 1513 1603 Teleste.
1530 1541 1586 1618 IX,

737 1657 818 1730 718).

626 1856 741 1928 Nemo
757 1879 829 1927 non
848 1855 1032 1948 intellegit
1049 1879 1114 1926 cnr
1134 1855 1336 1950 saepissime
1356 1857 1395 1927 in
1414 1857 1585 1928 nomina-

577 1991 651 2063 tivo
672 1997 709 2062 et
731 1990 908 2069 vocativo,
930 1989 1052 2061 rarius
1067 1997 1190 2061 autem
1208 1990 1246 2060 in
1265 1989 1583 2073 ablativo,formas

576 2124 806 2220 graecasin-e
822 2124 1030 2195 desinentes
1045 2131 1108 2196 ant
1127 2123 1253 2197 latinis
1279 2125 1364 2195 in-o
1383 2124 1585 2219 praetulerit

574 2260 681 2349 poeta
699 2253 901 2348 autpotins
920 2254 959 2324 in
992 2253 1160 2326 creandis
1191 2254 1347 2348 propriis
1375 2254 1582 2326 nominibus

574 2388 826 2483 assumpserit.
859 2388 1010 2459 Constat
1042 2388 1137 2459 enim
1168 2386 1335 2459 Ovidium
1387 2388 1584 2482 diligenter

575 2521 764 2594 elisionem
779 2520 930 2593 vitasse.
947 2521 969 2592 J
972 2544 1029 2592 am
1043 2521 1143 2615 prior
1163 2522 1231 2592 hoc
1247 2521 1452 2616 exemplum
1467 2522 1581 2594 Clau-

573 2656 682 2727 diano
703 2656 866 2727 dederat.
892 2655 1091 2739 Praeterea,
1128 2655 1404 2727 terminationes
1436 2678 1582 2750 graeca-

571 2813 653 2861 rum
680 2789 960 2884 declinationum
978 2788 1081 2860 illum
1098 2789 1382 2873 delectaverunt,
1401 2798 1440 2863 ut
1458 2792 1582 2863 videre

573 2930 629 2994 est
648 2946 692 2995 ex
708 2923 831 2994 multis
847 2923 1022 3017 exemplis
1037 2923 1076 2994 in
1092 2923 1223 3016 quibus
1238 2946 1366 2996 versus
1377 2924 1579 2998 necessitas

570 3080 643 3133 non
662 3080 822 3150 graecum
835 3057 937 3128 illum
958 3057 1118 3129 colorem
1133 3058 1356 3152 postulabat.

1061 3413 1095 3483 ll

570 3665 679 3724 Pinus
700 3679 899 3724 nncnrunrro.
916 3659 1061 3720 Genetivi
1077 3661 1156 3722 in-es
1171 3662 1362 3723 desinentes.

620 3833 669 3905 Hi
690 3833 759 3905 duo
772 3831 1020 3905 tantummodo
1031 3832 1192 3904 metricae
1204 3833 1414 3905 necessitati
1431 3841 1582 3928 parent:

573 4051 712 4136 Ornuns.
727 4074 785 4132 nst
799 4073 933 4132 medium
950 4070 1077 4149 Cyanes
1091 4075 1122 4132 et
1132 4074 1253 4133 Pisaeae
1268 4073 1445 4136 Arethusae.
1459 4075 1497 4147 V,
1513 4075 1583 4136 409.

570 4165 716 4250 ansnns.
734 4188 781 4248 Ad
797 4207 909 4248 nomen
928 4187 1058 4249 Thisbes
1084 4189 1189 4248 oculos
1212 4189 1281 4267 jam
1303 4194 1404 4251 morte
1426 4193 1584 4270 gravatos,

732 4305 788 4382 IV,
805 4303 874 4368 145.
