3630 5842
258 1111 302 1183 iis
327 1135 407 1206 quae
432 1111 528 1184 infra
542 1113 903 1185 commemorabimus
918 1115 1110 1209 perpaucis
1129 1115 1269 1189 scilicet
1308 1207 1314 1218 ·

260 1243 467 1320 aclevibus.
495 1247 708 1342 Propertius
721 1270 806 1320 vero
822 1247 941 1320 audax
956 1247 1038 1334 fuit,
1059 1248 1123 1321 sed
1142 1257 1267 1323 tamen

257 1401 339 1452 raro
360 1383 387 1452 ¹.
410 1378 545 1453 Contra
559 1381 723 1467 Ovidius,
741 1381 813 1467 cui,
835 1388 875 1453 ut
892 1382 970 1476 ipse
990 1381 1054 1466 ait,

416 1649 567 1725 Quicquid
580 1650 757 1727 temptabat
771 1649 874 1709 dicere
890 1666 1001 1709 versus
1018 1652 1098 1722 erat,

256 1881 408 1954 liberius
441 1904 548 1976 quam
582 1881 709 1966 ceteri,
736 1882 904 1953 Lucretio
937 1891 1098 1976 excepto,
1132 1890 1168 1955 et
1200 1906 1274 1954 au-

257 2014 465 2098 dacissime,
487 2014 666 2087 vocabula
690 2037 785 2086 nova
815 2014 978 2108 fingendi
989 2016 1073 2109 jure
1095 2040 1184 2088 usus
1200 2023 1268 2088 est.

255 2149 350 2221 Nam
366 2149 404 2220 in
420 2148 628 2244 quindecim
644 2149 749 2220 libris
772 2149 1116 2243 Metamorphoseon
1140 2174 1272 2222 occur·-

255 2290 341 2354 runt
373 2282 488 2355 multa
506 2282 748 2367 substantiva,
767 2283 948 2377 adjectiva
974 2283 1134 2366 nomina,
1160 2284 1271 2354 verba

255 2440 336 2513 quae
357 2417 401 2488 ab
434 2415 498 2487 illo
526 2423 714 2510 poetarum
753 2416 1079 2510 ingeniosissim02,
1116 2415 1270 2488 forsitan

253 2550 406 2622 nimium
426 2555 590 2621 amatore
610 2548 749 2642 ingenii
765 2549 853 2632 sui³,
868 2548 929 2642 qui
945 2537 1101 2642 denique
1112 2550 1271 2622 nesciret

256 2684 351 2777 quod
375 2685 467 2754 bene
498 2683 610 2754 cessit
644 2682 887 2775 relinquere*⁹
927 2690 991 2754 aut
1027 2691 1160 2755 novata
1186 2691 1271 2756 sunt

255 2817 399 2889 omnino
415 2825 478 2889 aut
492 2817 649 2912 primum
665 2817 703 2886 in
723 2816 850 2910 poesin
867 2816 1030 2888 inducta.

301 2951 407 3023 Hanc
437 2950 559 3022 thesin
587 2950 626 3020 in
665 2957 819 3043 quatuor
853 2949 986 3044 capita,
1007 2951 1161 3044 primum
1194 2952 1270 3045 qui·

254 3086 335 3158 dem
355 3085 399 3156 de
425 3086 636 3155 srtbstonttvo
663 3084 814 3168 tremine,
835 3083 1005 3168 alterum,
1033 3083 1077 3155 de
1101 3084 1270 3176 adjectivo

253 3220 403 3304 nomine,
440 3219 601 3300 tertium,
651 3218 695 3288 de
740 3219 853 3300 verbo,
893 3225 1060 3310 quartum
1098 3218 1267 3312 denique,

251 3351 505 3424 brevissimum
522 3351 680 3444 quidem,
693 3349 737 3422 de
749 3351 1136 3435 adnerbtudividimus.
1150 3352 1270 3430 Quan-

252 3494 329 3558 tum
349 3508 435 3558 vero
454 3485 493 3555 in
520 3484 696 3556 novandis
715 3484 902 3556 vocabulis
924 3483 1075 3554 Ovidius
1097 3508 1119 3554 a
1138 3485 1269 3556 ceteris

253 3627 317 3691 aut
333 3619 466 3715 prioris
483 3626 546 3692 aut
566 3641 642 3691 suae
663 3619 786 3690 aetatis
810 3618 928 3712 poetis
958 3616 1170 3689 discesserit
1199 3641 1270 3710 quo

252 3753 382 3825 malins
410 3753 691 3848 perspiceretur,
738 3759 878 3823 ceteros
916 3774 1023 3846 pares
1064 3757 1172 3821 aetate
1205 3758 1268 3822 aut

288 4057 313 4108 1.
330 4053 401 4108 Vide
416 4053 499 4119 inira,
517 4071 565 4126 pp.
581 4057 625 4119 50,
640 4057 685 4118 51,
702 4053 868 4124 Propertius
883 4053 958 4108 enim
974 4056 1038 4105 anto
1055 4051 1185 4105 Ovidium
1201 4051 1270 4106 satis

253 4133 344 4189 multa
368 4134 483 4205 propria
504 4134 621 4187 nomina
644 4150 766 4203 agraeco
793 4149 924 4186 sermono
953 4135 1100 4200 assumpta
1124 4131 1268 4194 adhibuit,

251 4215 336 4268 modo
356 4214 499 4269 condendi
510 4230 610 4268 versus
623 4230 720 4279 causa,
737 4215 820 4268 modo
834 4212 895 4266 sola
917 4212 1030 4266 Graecos
1041 4211 1173 4266 imitandi
1188 4211 1269 4282 cupi-

250 4293 317 4348 dine
330 4293 482 4365 impulsus.

286 4377 312 4431 2.
329 4374 396 4428 Sen.
411 4375 518 4436 Quaest.
537 4374 583 4440 ΙΙΙ,
600 4375 644 4439 27,
662 4381 697 4428 12.

286 4455 312 4506 3.
330 4453 426 4514 Quint.
440 4453 477 4520 X,
497 4456 521 4520 l,
537 4461 574 4507 88.

286 4537 311 4590 4.
325 4533 391 4590 Sen.
409 4533 545 4588 Controv.
559 4533 606 4597 IV,
622 4535 668 4588 28.
