3630 5842
916 981 957 988 -
983 941 1026 1005 32
1049 979 1090 988 -

567 1110 608 1179 In
627 1108 694 1181 hoc
715 1130 848 1200 genere
872 1109 949 1202 jam
978 1117 1251 1181 antecesserant
1267 1110 1459 1182 Lucretius
1486 1120 1523 1181 et

518 1240 718 1334 Vergilius.
742 1239 914 1314 Attamen
961 1242 1109 1314 nomina
1146 1242 1376 1315 substantiva
1415 1242 1524 1338 hujus

519 1374 614 1445 modi
629 1375 793 1446 novando
809 1375 929 1448 minus
944 1375 1101 1448 audaces
1122 1398 1226 1468 quam
1242 1376 1391 1448 Ovidius
1408 1377 1523 1448 exsti-

516 1515 651 1579 terunt.
674 1507 867 1580 Lucretius
900 1509 996 1580 enim
1026 1509 1063 1580 in
1086 1532 1151 1581 suo
1172 1510 1226 1581 vde
1255 1534 1368 1580 rerunt
1397 1522 1523 1581 notura

517 1648 681 1734 poemate
700 1641 780 1712 haec
800 1642 871 1712 duo
890 1641 1082 1714 adhibuit:
1108 1645 1125 1714 ,*
1143 1643 1314 1736 terra'qenu
1333 1643 1380 1726 V,
1413 1643 1519 1716 1409.

517 1786 722 1876 *trojujeno
752 1784 782 1854 I.
817 1784 902 1856 465.
931 1785 1118 1878 Vergilius
1146 1794 1264 1857 autem
1297 1810 1406 1857 unum
1426 1787 1519 1857 hoc:

517 1921 532 1950 *
549 1917 731 2009 rtudiqeno,
760 1918 806 1989 A.
824 1917 908 2001 VII,
936 1919 1032 2000 6743
1052 1918 1155 2002 VIII,
1173 1919 1258 1990 293.

963 2219 1051 2291 VIII

564 2457 735 2550 Sequitur
763 2466 802 2528 ut
837 2460 916 2530 haec
943 2468 1082 2554 septem
1114 2462 1289 2534 vocabula
1315 2485 1521 2534 enumerem

515 2613 596 2683 quae
630 2615 650 2662 e
688 2615 808 2684 graeco
853 2616 1019 2666 sermone
1066 2594 1103 2665 in
1144 2594 1296 2667 latinum
1336 2595 1522 2668 transtulit

515 2722 703 2795 Ovidius¹:
1109 2711 1113 2719 ’

515 2962 901 3042 Garun(actvvc).AIterIus
912 2967 1020 3044 dispar
1031 2937 1521 3048 septeniSfistulacartuisdldtt‘d

673 3063 720 3122 of.
766 3063 898 3138 lv,298;
933 3065 1021 3137 VIII,
1045 3067 1114 3136 337,
1152 3063 1302 3137 620;x1‚
1325 3066 1401 3137 171;
1424 3063 1519 3136 XIII,

671 3161 740 3220 893.
763 3159 870 3221 Canna
883 3185 923 3216 z
937 3161 1023 3238 jono,
1040 3182 1164 3223 roseau.

562 3354 616 3425 Os.
639 3353 825 3450 Aristoph.
844 3358 956 3452 Vesp.
976 3360 1021 3429 V.
1039 3361 1133 3431 394:

552 3580 600 3632 κού
619 3584 737 3655 μήποτέ
752 3600 800 3636 σου
818 3583 894 3660 παρὰ
907 3585 958 3648 τὰς
974 3587 1076 3648 κάννας
1092 3586 1202 3663 οὐρήσω
1220 3581 1288 3661 μηδ’
1307 3583 1479 3662 ἀποπάρδω.

511 3746 655 3806 Eonrnun
670 3745 811 3830 (ἔχιδνα),
841 3751 920 3811 Pars
937 3745 1032 3828 quota
1047 3748 1188 3812 Lornaeae
1205 3769 1333 3830 serpens
1353 3754 1416 3812 eris
1441 3770 1519 3811 unus

671 3865 839 3925 echidnae?
853 3863 911 3937 XI,
926 3867 975 3926 69.

561 4068 613 4140 Os.
638 4069 702 4149 IV,
716 4069 808 4153 5013
830 4073 879 4155 Χ,
897 4073 981 4144 313.
1001 4074 1224 4146 Echidna:
1237 4074 1371 4168 ripere,
1389 4073 1516 4168 hydro.

560 4200 614 4272 Cf.
637 4203 803 4298 AEschyli
829 4205 991 4300 Choeph.
1012 4208 1118 4278 248-
1131 4210 1217 4279 249.

540 4405 558 4458 I⁴
576 4404 771 4456 Tantummodo
786 4406 895 4472 propria
912 4409 1021 4460 nomina
1036 4425 1125 4474 graeca
1146 4423 1273 4460 enumero
1300 4424 1360 4473 quae
1386 4424 1438 4460 non
1459 4413 1519 4458 ante

510 4483 633 4532 Ovidium
649 4484 769 4536 adhibita
781 4494 854 4537 sunt.
