3630 5842
553 1047 774 1123 derivantur.
798 1053 901 1130 Quod
929 1055 976 1128 ad
1002 1080 1149 1130 sensum
1173 1062 1315 1147 attinet,
1346 1073 1409 1138 aut
1442 1069 1559 1141 active

551 1187 614 1252 aut
627 1182 784 1276 passive,
808 1186 871 1257 sed
888 1189 1021 1284 saepius
1040 1192 1198 1285 passive,
1216 1208 1465 1269 assumuntur.
1485 1202 1497 1246 ¹

602 1360 637 1407 a.
660 1334 844 1431 Sluptlcla
870 1339 1098 1433 adjectivum
1120 1386 1167 1399 -
1183 1345 1280 1418 bilis.

552 1550 745 1612 Ami-Asinus
771 1553 870 1614 Teura
891 1554 973 1617 ieras
995 1559 1087 1636 cepit,
1113 1559 1257 1622 volueres
1284 1563 1484 1640 αριίιιὸἰῑιέ2
1506 1583 1561 1624 aar

712 1667 739 1740 l,
756 1671 806 1730 75.
824 1671 872 1736 Cf.
888 1673 1006 1736 Arnob.
1023 1675 1093 1748 VII,
1107 1675 1158 1740 50.

600 1889 664 1940 aer
679 1869 740 1962 qui
759 1878 913 1964 potesta
931 1875 1137 1949 volucribus
1162 1881 1309 1970 euitare.

551 2081 764 2146 Dus1vns1n1s.
778 2085 845 2146 Nee
860 2087 921 2148 erit
934 2090 1113 2153 dubitabile
1128 2111 1249 2154 venum.
1263 2095 1287 2167 1,
1303 2095 1373 2156 223.
1396 2093 1445 2158 cf.
1460 2092 1555 2156 Prud.

710 2205 822 2281 Apoth.
839 2205 909 2266 649.

598 2407 666 2458 nee
680 2409 803 2458 verum
819 2386 976 2458 lullum·
994 2388 1140 2483 poterit.

589 2609 691 2686 Atque
700 2627 767 2688 ago,
781 2611 808 2672 si
821 2611 922 2673 virtus
937 2613 1028 2672 inme
1041 2613 1233 2673 dubitabilia
1249 2618 1343 2674 esset.
1360 2611 1449 2688 XIII,
1465 2615 1514 2676 21.

599 2737 630 2808 si
649 2737 764 2810 virtus
784 2738 934 2810 dubitari
948 2746 1083 2834 posset.
1165 2767 1169 2782 ·

549 2941 732 3004 Fonnsims.
774 2897 973 3022 c'ontemptor
1014 2944 1089 3004 ferri
1116 2944 1262 3022 nulloque
1289 2943 1445 3024 forabilis
1477 2944 1553 3004 ictu.

574 3046 582 3067 ‘
707 3061 775 3133 vu,
793 3060 861 3124 170.
878 3059 1020 3122 cneus.
1036 3059 1107 3122 225.

594 3310 758 3384 forabilis
778 3344 823 3376 =
844 3314 904 3406 qui
918 3317 1030 3404 serari
1041 3338 1113 3386 non
1128 3321 1259 3410 potest.

545 3529 786 3594 notumne.
810 3535 940 3612 Frigore
959 3535 1049 3612 pigra
1063 3535 1149 3613 prius
1166 3555 1222 3595 nee
1236 3533 1458 3611 formidabilis
1485 3537 1551 3598 ulli.

707 3649 747 3708 11.
764 3649 834 3710 174.

802 3793 905 3856 Nullas
923 3796 954 3855 in
969 3771 1070 3858 fronte
1082 3796 1184 3868 mina,
1200 3814 1256 3856 nee
1270 3798 1480 3872 formidabile
1501 3797 1549 3856 lu·

704 3929 784 3971 men.
802 3910 843 3973 11.
859 3909 928 3972 857.

574 4175 597 4227 t.
615 4172 738 4222 Asterien
748 4171 844 4222 notabo
862 4185 893 4220 ea
906 4185 964 4235 quae
979 4171 1096 4223 activum
1109 4187 1215 4223 sensum
1226 4173 1332 4224 habent.
1531 4225 1534 4230 ,

573 4246 600 4296 2.
619 4243 709 4295 Facile
726 4244 826 4295 videbit
840 4246 887 4310 qui
900 4244 1149 4309 Metamorphoseon
1163 4245 1248 4296 libros
1260 4244 1331 4310 leget
1345 4243 1433 4294 omnia
1446 4243 1492 4292 iila
1503 4241 1549 4292 ad·

541 4317 645 4382 jectivi,
662 4331 709 4367 seu
720 4317 747 4366 in
762 4316 926 4368 nominativo
937 4317 1068 4382 singulari
1081 4317 1164 4368 trium
1176 4331 1312 4382 generum,
1326 4329 1374 4366 seu
1390 4314 1419 4364 in
1437 4328 1549 4365 accusa-

541 4389 594 4438 tivo
612 4388 742 4453 singulari
758 4390 863 4454 generis
875 4389 1008 4440 neutrius
1025 4389 1099 4449 dicti,
1115 4404 1163 4453 pro
1179 4386 1293 4451 dactylis
1308 4387 1401 4436 habita
1417 4399 1487 4435 esse.
1522 4395 1524 4400 ’
