3620 5842
947 903 1111 968 -ab—

526 1097 614 1168 epus
631 1082 699 1146 est.
719 1075 830 1146 Nulla
850 1077 944 1146 enim
970 1099 1027 1146 res
1054 1074 1171 1167 magis
1196 1072 1336 1165 ingenii
1356 1074 1536 1146 subtilita-

524 1214 597 1279 tem
611 1215 781 1302 provocat
797 1231 903 1300 quam
924 1207 1109 1278 nominum
1127 1206 1437 1278 substantivorum
1452 1232 1533 1279 cum

412 1337 416 1348 ’
525 1341 694 1434 epithetis
718 1342 938 1434 conjunctim
965 1341 1054 1411 Inde
1073 1339 1124 1410 fit'
1139 1347 1179 1410 ut
1204 1339 1242 1410 in
1261 1339 1537 1436 Metamorpho-

526 1498 614 1546 seen
627 1474 730 1545 libris
745 1476 927 1568 permulta
942 1473 1136 1567 participia
1154 1471 1315 1566 perfecta
1330 1483 1534 1558 occurrant,

525 1631 569 1678 ex
592 1607 850 1700 praepositione
879 1607 1040 1700 qnalibet
1065 1613 1104 1678 et
1133 1606 1275 1701 syllaba
1298 1607 1469 1698 negativa
1499 1609 1536 1678 in

525 1741 737 1834 composita.
769 1742 858 1819 Quae
894 1741 1039 1834 quidem
1077 1739 1256 1833 adjectiva
1286 1737 1459 1823 verbalia,
1490 1784 1537 1794 -
1628 1765 1632 1772 ·

524 1883 609 1946 sunt
630 1875 725 1945 enim
754 1898 838 1945 vere
863 1873 1057 1968 adjectiva,
1085 1913 1135 1926 -
1164 1873 1329 1965 quamvis
1362 1874 1535 1946 orationis

524 2007 751 2079 illustrandae
777 2032 887 2079 causa
912 2007 1169 2090 adhibeantur,
1195 2030 1429 2078 numerorum
1454 2032 1534 2079 eur·
1607 2091 1612 2100 Ι

524 2139 1534 2234 suminterdumretardant‚nedumsaepiuseamornent.

524 2274 695 2346 Attamen
706 2275 796 2346 satis
808 2275 1031 2368 respondent
1041 2273 1193 2344 oonsilio
1210 2273 1304 2365 quod
1320 2272 1403 2344 iniit
1415 2283 1534 2368 poeta,

526 2416 564 2480 ut
582 2408 711 2499 versui
725 2416 761 2478 et
787 2407 940 2478 orationi
967 2408 1130 2500 gravitas
1147 2409 1311 2499 quaedam
1331 2407 1536 2492 afferretur,

527 2542 669 2613 seilicet
683 2542 721 2612 in
740 2541 807 2612 hoc
828 2513 992 2636 exemplo
1011 2565 1020 2610 ε
1103 2629 1106 2636 Ι

625 2761 828 2820 Attenuarat
843 2778 928 2836 opes,
947 2761 1001 2819 sed
1014 2759 1241 2820 *inattenuata
1255 2761 1401 2820 manebat

624 2861 700 2917 I’um
716 2877 835 2934 quoque
854 2860 922 2917 dira
938 2857 1101 2917 fames.....
1119 2857 1204 2928 VIII,
1220 2858 1291 2928 844,

527 3065 586 3136 ubi
636 3088 742 3134 rores
785 3074 982 3132 attenuarat
1020 3071 1056 3133 et
1109 3065 1335 3144 inatlermuta,
1382 3085 1531 3154 quarum

525 3198 642 3269 altera
661 3196 707 3267 ad
723 3195 853 3290 prioris
870 3196 1146 3302 similitudinem
1166 3198 1252 3267 fieta
1269 3205 1337 3277 est,
1365 3195 1416 3265 ita
1441 3196 1536 3265 inter

532 3355 569 3401 se
582 3338 812 3424 opponuntur
826 3337 866 3400 ut
877 3329 1052 3422 cogitatio
1064 3330 1229 3422 opposita
1241 3335 1323 3424 apte
1334 3336 1371 3399 et
1381 3329 1541 3438 graviter

529 3465 766 3557 exprimatur.

576 3596 717 3668 Similia
740 3605 824 3666 sunt
849 3595 927 3666 haec
948 3596 1127 3692 adjeetiva
1149 3595 1185 3665 in
1207 3596 1342 3688 quibus
1369 3619 1440 3665 nnn
1465 3595 1540 3688 jam

527 3732 621 3801 inter
636 3753 675 3800 se
695 3737 926 3823 opponuntur
947 3752 1067 3813 voees,
1087 3729 1150 3799 sed
1171 3729 1345 3820 cogitatio
1374 3727 1477 3820 quasi
1505 3727 1541 3796 in

531 3863 764 3958 exprimenda
783 3851 1005 3934 renovatur:

627 4080 686 4144 Qui
701 4079 866 4142 lacriment
882 4079 1008 4146 desunt,
1028 4078 1272 4152 'indefletaeque
1287 4080 1442 4152 vagantur

625 4177 778 4236 Natorum
790 4178 976 4270 patrumque
991 4176 1112 4234 animae.
1133 4175 1204 4245 VII,
1220 4173 1369 4234 611-612.

623 4292 656 4350 Si
670 4309 732 4368 qua
742 4291 848 4350 domus
864 4291 979 4362 mansii
991 4281 1158 4366 potuitqire
1168 4289 1318 4353 resistere
1331 4292 1420 4348 tanto

623 4387 808 4462 *Indejeata
821 4388 910 4446 malo.
930 4389 953 4459 I,
972 4387 1042 4447 289.
