3620 5842
912 931 1109 1000 -104-

624 1104 665 1163 m
680 1104 765 1162 vires
780 1101 906 1163 fortune
921 1108 1026 1178 negat.
1042 1105 1130 1170 Quod
1148 1105 1328 1172 abominor,
1347 1119 1433 1178 ergo,
1451 1101 1507 1172 IX,

665 1201 741 1272 6773

554 1422 750 1506 dominor,
767 1423 805 1494 id
820 1431 901 1494 est:
928 1423 1075 1493 Utinam
1098 1423 1239 1494 anobis
1254 1431 1386 1493 sortem
1407 1423 1513 1493 istam

507 1538 685 1610 avertam!

555 1652 608 1725 Cf.
624 1655 700 1726 Liv.
718 1655 782 1736 VI,
805 1655 865 1724 18:
883 1656 974 1726 bene
992 1655 1125 1740 fecitis,
1139 1655 1234 1748 quod
1249 1654 1511 1725 abominamini.

507 1787 600 1859 Vide
614 1788 722 1859 etiem
745 1787 810 1872 VI,
823 1787 888 1859 40:
905 1789 1000 1880 quod
1012 1791 1231 1874 meminerim
1248 1788 1317 1871 IX,
1330 1789 1398 1859 38:
1414 1789 1515 1859 Lici-

507 1923 590 1992 nius
595 1973 668 1992 .....
686 1920 951 1990 abominandam
963 1944 1043 1993 eam
1056 1923 1195 1994 curiam
1208 1921 1513 2008 facit;XXVIII,

508 2054 558 2126 28
575 2078 583 2123 ε
605 2055 762 2125 nominis
777 2055 887 2126 etiam
903 2056 1140 2126 abominandi.

984 2307 1049 2378 AD

512 2481 706 2540 Aoeomoed.
721 2483 948 2557 Circumspexit
964 2482 1058 2541 Athin
1073 2501 1167 2558 seque
1179 2484 1362 2542 adelmario
1372 2485 1402 2542 in
1419 2483 1516 2544 illum.

671 2580 709 2638 V.
726 2579 775 2639 72.

561 2784 615 2855 Cf.
631 2785 735 2867 XIV,
751 2786 836 2855 666.
856 2784 910 2856 Cf.
930 2785 1006 2855 Liv.
1021 2783 1084 2868 IV,
1097 2785 1165 2857 48:
1182 2775 1407 2856 aeoliomarm
1423 2808 1461 2855 se
1472 2781 1518 2854 ad

511 2941 678 2990 caussam
696 2927 858 2989 senatus.
879 2919 973 2990 Vide
991 2918 1100 2988 etiam
1116 2917 1253 3004 XLIV,
1266 2917 1302 2990 3.
1325 2917 1378 2989 Cf.
1401 2918 1515 3010 Verg.

513 3052 785 3143 “odylommara
801 3052 846 3123 Α.
870 3051 917 3135 ΙΙ,
932 3051 1018 3134 339;
1036 3051 1124 3134 XII,
1146 3052 1232 3122 458.

513 3254 526 3280 *
540 3255 745 3312 Aordaodda.
762 3251 958 3327 Adsasaeque
971 3253 1076 3329 jacent
1093 3252 1211 3311 tumulo
1229 3254 1415 3329 sIgnataque
1429 3269 1517 3311 saxo.

673 3368 757 3437 VIII,
774 3367 844 3429 540.

561 3547 616 3619 Of.
635 3549 700 3630 IX,
722 3548 807 3630 366,
829 3546 915 3616 607.
938 3545 1032 3616 Vide
1056 3545 1141 3615 Sen.
1163 3544 1233 3636 Ep.
1263 3543 1331 3624 XI,
1356 3543 1397 3626 3;
1428 3541 1514 3611 Tac.

509 3683 599 3775 Agr.
623 3681 684 3752 35.

507 3837 772 3894 *Aomamdcrue
791 3831 1004 3906 Infamemque
1019 3830 1125 3888 vident
1140 3830 1427 3904 adporrectumque
1446 3828 1503 3886 dra

669 3947 786 3989 eonem.
804 3931 842 3999 II,
860 3929 917 3988 561
932 3928 955 3988 ¹.

508 4089 754 4146 *Auamma
780 4081 878 4140 Nocte
895 4082 1006 4156 dieque
1024 4084 1133 4140 vocant
1149 4083 1444 4156 adstermmtarque
1470 4098 1519 4138 se-

673 4180 791 4258 pulcro,
809 4179 849 4245 II,
866 4180 937 4238 343.

549 4365 573 4420 1.
587 4359 787 4432 Admiratus,
805 4358 848 4412 bis
862 4357 1061 4426 compositum
1079 4357 1369 4430 ermemmarus.
1390 4355 1516 4414 rasevr.

512 4453 573 4510 674:
590 4465 762 4521 recompoao,
775 4451 837 4502 Am.
856 4448 875 4512 I,
891 4451 917 4514 7,
928 4465 965 4508 68-
