3620 5842
694 875 794 940 -ἹἈ
819 915 859 923 -.

321 1044 375 1116 CI.
394 1046 489 1126 niv..
513 1045 558 1123 I',
580 1047 645 1126 ⁰28:
670 1045 837 1128 XXXII,
861 1045 916 1116 II.
938 1047 1041 1117 Luna
1054 1071 1120 1140 per
1135 1057 1277 1118 noctem

271 1178 401 1272 fulget.

271 1412 491 1472 *Pammenis
509 1413 645 1471 Martius
661 1412 773 1486 anguis
790 1414 860 1471 erat
870 1413 1047 1488 priust'pnis
1068 1417 1099 1470 et
1117 1429 1203 1471 auro.
1222 1413 1278 1480 III,

429 1510 480 1570 32.

389 1634 449 1699 Qui
470 1634 567 1693 crista
588 1631 765 1710 linguisque
788 1633 890 1692 tribus
915 1634 1091 1708 praecipuis
1119 1639 1150 1692 et
1178 1634 1277 1693 uncis.

430 1731 499 1802 VII,
520 1730 588 1791 150.

389 1873 538 1932 Exhibuit
556 1874 679 1950 gemino
688 1874 871 1950 proesiqaia
898 1891 1014 1933 cornua
1033 1876 1189 1950 quaerunt.
1206 1874 1275 1943 XV,

429 1969 499 2029 611.

318 2167 411 2238 IIIud
438 2168 657 2260 adjectivum
685 2190 815 2238 nomen
847 2169 893 2236 ad
919 2190 1110 2238 numerum
1130 2168 1276 2238 omnine

267 2309 389 2392 aptum
410 2308 479 2375 est.
494 2300 549 2370 Ob
564 2301 707 2370 numeri
724 2301 994 2382 necessitatem,
1009 2303 1196 2394 precipuis
1212 2324 1275 2394 pru

268 2435 416 2524 irisipuir
436 2433 524 2502 mihi
545 2433 582 2504 in
604 2433 721 2504 tribus
738 2433 917 2526 prioribus
937 2434 1103 2504 versibus
1119 2434 1274 2527 positum

267 2590 348 2637 esse
367 2567 523 2639 videtur.
541 2566 590 2637 At
605 2566 643 2636 in
660 2565 728 2636 huc
747 2589 852 2636 versu
868 2567 992 2636 nescio
1008 2590 1055 2637 an
1071 2567 1141 2636 dici
1158 2564 1275 2660 possit

266 2701 558 2794 praepositionem
578 2701 760 2770 notionem
776 2723 910 2792 augere
931 2708 967 2770 et
986 2699 1197 2770 intendere:

383 2929 552 3004 Cinctaque
576 2931 665 2987 adest
679 2931 767 3004 vIrgo
783 2933 914 2986 matrum
937 2947 1128 3004 nuruumque
1145 2933 1272 2990 caterva

383 3028 562 3102 Proesipnis
577 3026 655 3086 facie
674 3027 745 3096 XII,
761 3027 831 3085 217.

310 3207 388 3276 Proe
411 3229 496 3284 non,
516 3215 554 3274 ut
580 3228 689 3300 supra
712 3229 788 3298 per.
811 3205 989 3298 adjecuvo
1016 3205 1172 3300 simplici
1197 3207 1271 3278 vim

262 3340 471 3433 superlativi
509 3339 626 3420 addit,
659 3339 722 3408 sed
763 3339 898 3408 indicat
932 3340 1051 3433 potius
1093 3338 1268 3431 virginem

260 3480 416 3576 catervae
432 3480 587 3542 matrum
603 3472 758 3565 superbe
774 3472 917 3568 praeire.

258 3703 565 3768 mensurandum
582 3703 633 3760 ubi
647 3703 794 3761 viderunt
806 3711 983 3776 praeacutoe
998 3703 1135 3778 cuspidis
1147 3704 1265 3763 hastas.

418 3801 486 3870 VII,
506 3801 575 3862 131.
593 3800 640 3861 cf.
657 3801 737 3861 Gaas.
761 3856 764 3870 ,
800 3865 803 3874 ,

308 4014 438 4108 Cuspis
454 4015 550 4086 enim
570 4024 677 4086 acuta
697 4028 753 4086 est
768 4021 943 4086 extrema.
972 3997 976 4002 ¹

255 4237 592 4296 *'Isnuss0nu1s.Ast
607 4236 658 4294 ubi
669 4238 784 4295 habere
800 4253 888 4296 suam
898 4237 1117 4311 transformia
1131 4253 1265 4312 corpora

418 4336 529 4406 sensit,
547 4335 629 4403 VIIL
653 4333 723 4404 871;
