3630 5842
990 971 1031 981 ..
1051 931 1095 997 34
1120 970 1160 980 ..

619 1101 738 1174 Morus
758 1133 803 1164 z
822 1100 969 1172 murier.
989 1102 1043 1173 Os.
1062 1101 1235 1172 Nicandri
1251 1101 1499 1198 Alexipherm.
1514 1105 1574 1176 69.

733 1261 832 1317 ἄλλοτε
848 1265 894 1317 καὶ
913 1266 1016 1339 μορέης
1030 1264 1083 1317 ἀπὸ
1100 1258 1175 1340 ῥίζεα
1194 1265 1371 1339 φοινηέσσης.

1048 1688 1100 1758 lx

852 1805 866 1834 θ

622 1954 752 2024 Restat
762 1953 916 2046 donique
930 1962 966 2024 ut
986 1954 1356 2028 hooloooennrremus
1368 1980 1489 2050 graecu
1500 1979 1579 2050 pru-

573 2086 651 2180 pria
667 2088 814 2158 nomina
827 2109 906 2180 quee
924 2087 959 2157 in
989 2088 1339 2182 Metamorphosesin
1371 2097 1575 2161 occurrunt.

574 2219 615 2290 In
629 2219 698 2291 hac
718 2243 920 2314 graecorum
934 2221 1119 2292 nominum
1131 2222 1356 2316 propriorum
1369 2223 1577 2294 recensione

572 2353 865 2424 enumerabimus
876 2353 990 2449 primo
1006 2355 1309 2450 nominepropria
1320 2379 1435 2449 queea
1459 2380 1577 2450 graeoo

571 2485 669 2559 fonte
681 2487 824 2558 detorta
848 2495 933 2558 sunt
956 2495 996 2558 ut
1036 2489 1206 2581 praesidio
1249 2513 1374 2562 versus
1410 2490 1578 2561 condenti

572 2628 688 2713 poetes
699 2628 835 2702 essent,
854 2620 985 2691 deinde
1000 2622 1146 2693 nomina
1161 2622 1306 2716 propria
1321 2646 1435 2716 quaea
1451 2622 1580 2694 Graece

571 2753 699 2845 lingua
717 2754 918 2847 assumpsit
941 2753 1107 2838 Ovidius,
1122 2779 1165 2826 ee
1187 2757 1433 2827 tantummodo
1460 2764 1580 2828 mente

567 2895 612 2958 ut
631 2886 764 2958 latinas
780 2911 885 2958 voees
901 2897 937 2959 et
953 2888 999 2958 ad
1018 2888 1276 2982 expeditiorem
1296 2913 1421 2961 versus
1447 2890 1580 2962 decur-

574 3043 653 3089 sum
682 3027 825 3113 aptaret
843 3028 880 3091 et
912 3029 1061 3092 externo
1094 3022 1247 3115 quodam
1273 3023 1391 3093 colore
1427 3023 1580 3112 elegan-

572 3152 683 3224 tiores
703 3153 883 3225 redderet.

622 3365 652 3436 I.
682 3407 731 3418 —-
766 3366 884 3436 Pium
919 3391 1149 3439 ouourunrro:
1181 3369 1401 3451 nominativi,
1434 3370 1580 3440 vocative

573 3501 732 3583 ablativi,
755 3502 791 3570 in
817 3523 837 3571 e
866 3499 1053 3572 desinentes
1079 3505 1138 3594 qui
1164 3503 1382 3574 metricorum
1402 3502 1581 3600 preceptis

472 3637 474 3640 ’
574 3633 765 3704 inserviunt
785 3663 795 3702 .·

574 3838 612 3895 Α.
627 3837 661 3896 In
676 3837 754 3898 libro
769 3839 803 3896 I:
830 3839 994 3899 Gnuuusn.
1024 3840 1224 3915 Ambiguum,
1255 3839 1417 3916 Clymene,
1441 3840 1583 3916 precibus

733 3936 939 3996 Phaethontis
950 3955 988 3995 an
1003 3938 1050 3996 iro
1058 3935 1140 4016 (765)
1150 3937 1196 3997 Of.
1204 3936 1243 4009 II,
1252 3940 1302 4009 37,
1311 3939 1437 4009 43,333;
1447 3939 1502 4008 IV,
1511 3939 1582 3998 204.

575 4095 720 4154 Dormis
747 4095 871 4156 Primus
886 4114 972 4155 amor
991 4097 1101 4156 Phoebi
1122 4097 1258 4174 Daphne
1272 4097 1389 4157 Peneia
1403 4091 1495 4174 quem¹
1511 4116 1581 4156 non.

733 4212 801 4271 452.

623 4404 665 4476 in
684 4404 777 4476 libro
794 4405 851 4477 II:
