3620 5842
971 911 1166 979 -126-

565 1054 769 1149 exprimunt
786 1079 795 1141 ;
819 1057 858 1128 2⁰
882 1079 963 1150 quae
983 1056 1229 1130 transitoriam
1249 1058 1429 1130 actionem
1448 1063 1573 1155 expri-

564 1196 680 1260 munt.
703 1190 833 1261 Priora
848 1191 994 1283 quidem
1013 1191 1235 1264 adamussim
1249 1192 1335 1265 ficta
1354 1202 1452 1270 sunt.
1473 1194 1523 1267 At
1534 1196 1572 1267 in

561 1323 822 1415 posterioribus
837 1325 915 1419 jam
929 1326 1027 1422 apud
1039 1325 1208 1398 Ovidium
1226 1329 1402 1400 sermonis
1413 1327 1518 1400 latini
1533 1329 1571 1401 in

561 1455 721 1528 deterius
751 1459 936 1548 vergentis
971 1459 1077 1554 signa
1101 1459 1435 1554 deprehenduntur.
1467 1461 1570 1540 Quod

560 1589 707 1660 maximi
728 1591 766 1661 in
785 1591 853 1664 hoc
868 1593 985 1687 capite
1007 1594 1179 1666 momenti
1195 1602 1252 1667 est
1275 1596 1569 1668 commemoravi-

560 1747 654 1798 mus.

604 1887 770 1960 Alterum
799 1896 906 1984 caput
937 1888 985 1961 ad
1018 1889 1200 1983 adjectiva
1232 1890 1380 1961 nomina
1401 1900 1566 1987 spectat.

559 2021 727 2095 Recensa
752 2030 837 2094 sunt
868 2022 1049 2117 adJ'ectiva
1084 2022 1231 2095 nomina
1255 2023 1416 2109 in-bitr's,
1450 2027 1569 2118 adiec-

557 2157 631 2230 tiva
647 2156 810 2229 verbalia
829 2158 1080 2251 compositaex
1092 2157 1347 2253 praepositione
1368 2169 1404 2231 et
1420 2160 1563 2256 syllaba

557 2291 595 2361 iu
609 2314 689 2385 quae
708 2291 781 2362 vim
795 2291 1003 2382 negationis
1018 2292 1141 2376 habet,
1155 2291 1335 2386 adjectiva
1343 2293 1490 2364 nomina
1508 2295 1562 2364 in·

556 2427 637 2510 ulia,
669 2427 754 2510 oris,
781 2451 854 2511 eus,
887 2425 977 2510 idua,
1000 2450 1092 2511 osus,
1114 2426 1213 2510 titur,
1242 2427 1316 2497 rios
1339 2427 1564 2511 desinentia,

554 2558 733 2652 adjectiva
752 2559 968 2654 composita:
990 2559 1022 2628 1⁰
1043 2583 1087 2630 ex
1098 2559 1169 2630 alio
1186 2560 1365 2654 adjectivo
1378 2568 1566 2656 etpraepo·

553 2693 697 2778 sitione,
718 2693 757 2764 2⁰
777 2717 822 2765 ex
841 2694 985 2766 nomine
1006 2695 1232 2765 substantivo
1249 2702 1285 2766 et
1300 2694 1400 2766 verbi
1417 2695 1556 2778 radice,

553 2827 744 2921 exquibus
764 2799 952 2900 abundant
974 2852 1054 2921 quae
1070 2828 1188 2919 in-ser
1208 2836 1245 2899 et
1271 2827 1391 2920 in-per
1414 2838 1561 2911 exeunt,

555 2961 677 3032 radica
701 2964 754 3051 fer
787 2962 1001 3032 adsensum
1030 2961 1214 3056 proprium
1238 2969 1302 3033 aut
1329 2961 1563 3048 translatum,

555 3095 678 3166 radice
698 3103 819 3168 autem
834 3119 895 3185 per
910 3097 957 3168 ad
968 3119 1115 3168 sensum
1126 3095 1326 3191 proprium,
1343 3096 1561 3189 pertinente.

553 3231 710 3301 Restant
730 3230 909 3325 adjectiva
929 3255 972 3302 ex
998 3231 1137 3302 duobus
1157 3229 1364 3300 nominibus
1383 3231 1565 3302 substan-

552 3363 637 3435 tivis
660 3364 872 3459 composita.

601 3538 643 3608 ln
659 3537 766 3610 tertio
787 3537 918 3630 capite,
941 3536 985 3605 de
1003 3535 1230 3630 simplicibus
1259 3536 1380 3606 verbis
1415 3559 1495 3628 quae
1518 3560 1562 3608 ex

553 3671 791 3744 substantivis
812 3679 876 3743 aut
906 3671 1096 3765 adjectivis
1130 3669 1338 3740 nominibus
1365 3670 1564 3763 composita

553 3815 638 3879 sunt
661 3808 815 3879 necdum
840 3813 923 3878 ante
949 3805 1117 3876 Ovidium
1137 3804 1175 3874 in
1198 3803 1300 3899 poesi
1324 3809 1428 3874 erant
1448 3826 1562 3874 usur-

551 3941 783 4035 pata,deinde
799 3941 843 4012 de
856 3939 978 4012 verbis
991 3938 1201 4034 compositis
1217 3961 1261 4010 ex
1277 3937 1433 4030 simplici
1450 3937 1562 4008 verbo

552 4083 589 4147 et
619 4076 937 4170 praepositionibus
967 4077 1024 4157 ob,
1059 4073 1395 4157 adalrammum,
1421 4070 1475 4153 dr,
1500 4096 1559 4153 rr,

552 4213 603 4294 iu,
621 4212 723 4295 iuter,
738 4235 816 4303 per,
828 4234 917 4304 plur,
936 4234 986 4294 re,
1004 4211 1065 4280 sub
1087 4209 1222 4279 dictum
1244 4212 1311 4278 est.

599 4372 642 4442 ln
666 4381 796 4464 quarto
821 4379 856 4443 et
877 4371 1004 4442 ultimo
1024 4368 1143 4463 capite
1163 4365 1335 4439 adverbia
1355 4364 1557 4452 attulimus,
